2902 4636
520 896 870 994 PRAEFATIO.

179 1156 289 1257 Uarus
312 1192 397 1256 uara
420 1192 565 1256 unchen
588 1192 703 1275 scripta
728 1191 817 1258 nonis
845 1190 960 1255 trasna
986 1193 1061 1256 sunt
1084 1189 1256 1256 soricinus.

176 1296 380 1367 Adedendas
403 1296 567 1362 Formulas
590 1298 623 1361 et
639 1295 865 1361 Instrucbiones
887 1297 1011 1378 praesto
1035 1296 1110 1360 sunt
1133 1296 1257 1375 praeter
1298 1358 1299 1362 ,

134 1402 211 1466 alios
226 1403 287 1468 duo
303 1403 426 1468 codices
441 1402 661 1485 pretiosissimi
674 1402 711 1466 de
731 1402 844 1484 quibus
863 1401 1039 1466 accuratius
1059 1401 1256 1482 disputemus

133 1526 260 1574 necesse
288 1513 346 1588 esi,
370 1510 453 1592 quod
480 1529 586 1575 eorum
612 1509 799 1574 lectionibus
826 1528 887 1573 non
915 1508 994 1572 duae
1023 1507 1150 1583 classes,
1181 1525 1258 1589 quas

133 1616 257 1692 uocant,
282 1615 338 1680 sed
359 1616 438 1680 duae
461 1615 656 1679 recensiones
683 1633 810 1695 prorsus
838 1613 980 1678 diuersae
1009 1613 1150 1677 sensatae
1174 1615 1258 1676 suni.

134 1719 203 1783 dico
241 1720 420 1785 codicem
458 1719 736 1785 Sessorianum
771 1719 1114 1783 membranaceum
1151 1737 1176 1781 s.
1213 1716 1259 1781 VI

133 1843 163 1887 n.
198 1825 249 1901 77,
282 1826 336 1907 qui
372 1846 454 1890 nunc
489 1827 521 1889 in
561 1825 752 1890 bibliotheca
791 1825 932 1889 Romana
972 1843 1050 1906 quae
1083 1844 1101 1887 a
1131 1823 1258 1900 Uictore

131 1929 339 1996 Emmanuele
358 1949 430 2015 rege
453 1949 565 1995 nomen
589 1929 675 1994 durii
691 1929 858 2006 inuenitur,
874 1928 895 1993 S
909 1929 1016 1992 littera
1034 1928 1188 2010 signatus.
1209 1929 1258 1991 esi-
1281 1920 1302 1987 S
1342 1920 1347 1974 ἶ

134 2034 175 2097 25
204 2034 331 2101 sentim.
358 2036 472 2119 longus
500 2037 531 2099 et
560 2035 631 2099 17·7
661 2034 786 2099 sentim.
813 2033 897 2098 laius
928 2032 1043 2097 litteris
1080 2032 1258 2097 uncialibus

46 2195 48 2200 .
134 2142 275 2203 exaratus
302 2141 449 2205 foliorum
467 2140 578 2206 CXIII.
602 2141 755 2222 scriptura
778 2140 925 2204 continua
952 2142 1010 2203 est.
1038 2138 1159 2226 primus
1181 2157 1258 2214 eum

134 2242 299 2329 descripsit
324 2246 503 2311 Amatori
529 2244 734 2328 (Bibliotheca
758 2266 855 2308 manc
880 2245 997 2325 sermio
1020 2237 1205 2308 Sessorium
1226 2243 1259 2308 in

137 2346 209 2412 Coei.
238 2349 320 2415 Sess.
349 2354 412 2415 589
435 2373 471 2432 p.
501 2354 577 2434 315)
605 2351 715 2416 deinde
746 2351 800 2414 An
808 2371 839 2434 g.
875 2350 1003 2414 Maius
1042 2349 1257 2432 (Spiciieoium

133 2452 309 2519 Romanum
328 2454 363 2521 V.
372 2477 409 2537 p.
423 2460 506 2541 240)
525 2457 658 2538 denique
672 2456 828 2522 Ioannes
848 2455 1019 2521 Cardinalis
1037 2455 1142 2520 Pitra
1158 2454 1261 2538 (Aoo-

133 2558 208 2622 lectc
222 2621 225 2626 ,
240 2560 339 2625 Sacro
372 2561 532 2644 Specileqio
568 2560 750 2626 Solesmensi
777 2563 905 2640 pereto.
939 2559 1024 2624 Tora.
1057 2558 1104 2623 II.
1143 2559 1259 2638 Patres
1301 2612 1302 2615 η

133 2664 455 2748 ΑπίεηίεαθηΗμμλς
466 2665 646 2730 Tusculanis
657 2661 1259 2746 MDGOOLXXXIVp.4sr-575)‚
1328 2657 1330 2660 ⁴

133 2770 187 2852 qui
205 2775 237 2834 et
255 2773 429 2854 exemplum
449 2790 541 2854 quam
556 2770 826 2835 accuratissimum
844 2767 968 2834 adiecit.
987 2767 1048 2853 (of.
1068 2768 1110 2832 A.
1130 2767 1261 2848 Reiffer-
1320 2821 1321 2824 ,

133 2875 243 2942 scheid.
267 2875 454 2941 Bibliotheca
475 2881 605 2957 petrum
630 2876 684 2940 zor.
706 2875 814 2938 ciclico
835 2873 861 2936 I
871 2895 907 2956 p.
930 2876 1120 2956 reo-142)
1146 2875 1200 2940 fol.
1226 2877 1259 2939 1·

134 2982 331 3048 continentur
366 2983 427 3048 duo
464 2982 646 3059 summaria,
678 3000 810 3064 quorum
843 2982 977 3044 alierum
1012 3000 1107 3045 manu
1142 2982 1257 3046 receni'

134 3088 286 3170 scriptum
318 3090 377 3168 est,
409 3090 542 3154 alterum
574 3107 599 3152 s.
631 3087 685 3164 XI,
717 3086 800 3168 quod
831 3086 966 3168 hymnus
999 3085 1029 3150 in
1062 3086 1260 3151 natiuibabem

135 3192 251 3264 domini
273 3173 629 3276 ‹Christus-redemptor
651 3191 799 3257 omnium'
823 3191 975 3272 sequitur.
1007 3191 1088 3255 Tum
1110 3192 1260 3276 leguntur

133 3313 154 3380 r.
180 3311 212 3378 1b
343 3301 441 3381 riso}
465 3315 680 3382 bruscum

344 3419 603 3486 conscissus
624 3419 716 3485 nrur

342 3526 493 3609 unnurr
516 3525 732 3592 sorsnrmn

343 3632 541 3697 soonsnrr
562 3618 631 3697 uni
653 3634 754 3712 (supr.
778 3631 853 3714 aa)
875 3632 988 3697 nrnrer
1009 3632 1057 3697 111

343 3737 466 3802 ursus
488 3724 802 3804 scinuonsrnu

344 3841 413 3922 our
436 3841 570 3909 onnon
592 3841 756 3907 ruonrnr

343 3947 446 4014 oron
468 3948 737 4013 nrnsnnnrun

343 4052 591 4120 nrseurnrro
614 4053 738 4118 snnrr
