2902 4636
96 223 219 326 ,¹112
455 250 481 305 S.
508 250 695 305 Eucherii
722 247 997 319 Lugdunensis

154 468 227 513 non
245 447 348 511 licet
364 446 403 510 in
423 444 628 510 sabbatis?
646 447 753 527 potest
770 443 913 508 forsitam
933 443 1046 525 etipse
1064 443 1163 507 nihilo
1183 443 1280 509 minus

154 552 222 619 dias
244 552 368 618 sabbati
389 552 436 616 ita
459 570 495 615 er
516 551 577 616 hoc
599 550 752 634 intellegi,
772 553 810 614 ut
831 568 913 614 nunc
938 549 1158 614 obseruatione
1181 552 1282 615 nostra

153 659 310 725 secundus
335 659 378 724 sit
401 658 455 740 qui
476 658 597 741 primus
621 656 778 739 quondam
799 656 896 720 fuerit
914 656 1133 721 obseruatione
1148 656 1280 722 Iudaica

151 765 328 841 rectissimo
352 764 435 829 enim
458 763 527 828 dies
549 763 669 846 primus
693 763 761 828 dies
785 763 963 829 dominicus
986 762 1168 847 deputatur.

196 887 235 956 V.
259 885 443 967 Quomodo
475 886 630 952 uisionsm
661 885 751 950 illam
774 885 807 949 in
839 904 900 968 qua
932 884 1078 977 dominus
1107 885 1281 970 adsumptis
1306 902 1316 942 ε

150 993 252 1059 tribus
285 992 450 1078 discipulis
482 991 678 1077 glorificatus
711 993 760 1056 est
790 991 893 1056 Lucas
920 995 994 1075 post
1016 994 1098 1069 octo,
1123 992 1178 1057 alii
1210 1012 1280 1058 uero

152 1100 364 1184 euangelistae
386 1101 461 1181 post
484 1117 538 1163 ser
560 1097 628 1162 dies
652 1097 855 1162 subsecutam
879 1116 949 1163 esse
973 1101 1243 1171 commemorant?

194 1225 296 1289 Lucas
328 1223 383 1306 qui
414 1222 520 1288 habito
554 1220 674 1286 domini
706 1216 790 1302 apud
823 1220 996 1303 discipulos
1033 1239 1176 1286 sermone
1212 1223 1284 1303 post

151 1333 222 1395 octo
250 1330 316 1395 dies
345 1329 455 1394 scribit
481 1327 638 1393 uisionem
666 1326 746 1390 hanc
775 1326 941 1410 discipulis
974 1329 1133 1392 ostensam
1157 1331 1282 1416 etcum

147 1434 233 1499 diem
278 1455 339 1518 quo
374 1434 520 1500 dominus
552 1434 679 1498 locutus
713 1435 764 1497 est
795 1432 1020 1514 conprehendit
1051 1434 1084 1498 et
1116 1452 1189 1498 eum
1222 1453 1280 1516 quo
1298 1451 1318 1491 o

74 1561 76 1565 ¹
149 1541 240 1606 Iesus
267 1540 461 1624 glorificatus
490 1539 645 1621 adparuit.
678 1539 711 1602 hi
738 1557 812 1603 uero
841 1538 896 1621 qui
923 1557 976 1604 ser
1005 1539 1071 1604 diss
1098 1538 1281 1604 indicandos

149 1649 343 1730 putauerunt
363 1646 478 1710 mediis
501 1648 624 1711 tantum
654 1647 747 1727 atque
775 1644 907 1728 integris
935 1645 1045 1710 diebus
1069 1644 1281 1711 adnumeratis

150 1752 241 1834 quasi
254 1752 463 1835 semiplenum
477 1751 613 1833 primum
626 1750 718 1814 illurn
734 1750 817 1815 diem
835 1754 1092 1834 postremumque
1105 1752 1280 1817 tacuerunt.

193 1874 249 1940 VI.
271 1875 394 1940 Rursus
416 1876 449 1938 in
473 1870 583 1939 eodem
607 1863 697 1938 dicit:
728 1879 845 1939 erunt
872 1875 974 1940 euim
1002 1894 1044 1939 ex
1071 1875 1145 1940 hoe
1173 1875 1281 1958 quin-

150 1999 223 2063 que
244 1980 284 2045 in
307 1980 418 2045 domo
442 1999 516 2044 una
539 1979 676 2059 diuisi,
700 1983 783 2071 tres
806 1981 844 2046 in
869 1981 942 2046 duo
968 1984 1006 2046 ct
1028 1980 1103 2046 duo
1122 1981 1161 2046 in
1184 1984 1318 2048 tressa

150 2085 389 2150 diuidentur
424 2087 539 2168 pater
574 2086 612 2150 in
649 2086 784 2152 filium
823 2089 861 2152 et
896 2087 1016 2152 filius
1053 2087 1091 2150 in
1128 2089 1280 2170 patrem

151 2210 276 2268 suum,
308 2192 435 2254 mater
457 2190 495 2265 in
519 2189 650 2257 filiam
674 2195 713 2256 et
734 2191 828 2257 lilia
856 2191 896 2255 in
930 2194 1105 2268 matrem,
1140 2210 1279 2258 socrus

57 2343 59 2345 -
148 2296 187 2360 in
216 2315 356 2361 nurum
385 2299 561 2383 suamet
587 2316 711 2362 nurus
734 2298 771 2362 in
796 2317 952 2363 socrum
973 2316 1092 2362 suam.
1121 2297 1279 2380 quidest,

148 2401 233 2485 quod
260 2420 333 2465 eum
361 2401 505 2483 superius
534 2402 670 2484 quinque
698 2402 844 2467 uideatur
869 2403 1015 2486 posuisse
1042 2422 1203 2487 personas,
1228 2421 1281 2468 ser

148 2507 180 2571 in
204 2507 470 2589 subsequentibus
495 2526 566 2572 curn
589 2528 793 2591 personarum
816 2508 1047 2592 significatione
1070 2509 1228 2575 subiecit?
1296 2527 1320 2569 o

192 2631 295 2694 Mater
318 2633 350 2694 et
373 2649 481 2695 socrus
505 2631 614 2697 eadem
637 2631 780 2717 intellegi
806 2634 915 2714 potest
941 2651 1020 2715 quae
1047 2652 1104 2717 por
1125 2633 1225 2699 liliam
1249 2635 1281 2698 et

148 2755 263 2800 nurum
285 2735 409 2802 duobus
433 2738 476 2802 sit
499 2738 675 2822 conpellata
696 2737 876 2806 nominihus
900 2758 936 2804 ac
958 2739 1088 2822 perinde
1107 2739 1189 2805 etin
1208 2741 1280 2806 suh

139 2842 295 2924 sequenti
317 2843 454 2926 quinque
477 2843 579 2908 uideri
600 2846 708 2928 potest
728 2839 879 2911 numerus
901 2864 1114 2928 personarum.

192 2965 262 3030 VH.
285 2966 321 3030 In
352 2966 500 3048 parabola
521 2969 630 3033 Lazari
662 2972 694 3032 et
725 2967 835 3035 diuitis
867 2969 1047 3052 aliquantae
1080 2969 1302 3053 quaestiones

146 3070 319 3136 incurrunt.
339 3075 395 3137 aut
413 3093 474 3155 quo
492 3074 586 3139 modo
611 3074 701 3139 diues
724 3074 756 3138 in
779 3075 944 3140 tondentis
968 3075 1011 3139 sit
1032 3078 1105 3142 ante
1127 3076 1281 3142 iudicium
1296 3091 1320 3133 ει

147 3179 203 3240 aut
225 3196 287 3260 quo
307 3178 400 3243 modo
425 3178 560 3263 digitum
583 3182 690 3246 Lazari
714 3184 818 3248 dicat?
850 3182 1004 3264 numquid
1035 3200 1165 3266 corpora
1197 3182 1280 3265 apud

146 3281 263 3348 inferos
295 3288 390 3349 sunt?
427 3288 482 3351 aut
512 3290 549 3351 ut
579 3286 646 3369 ipse
680 3308 791 3371 aquam
815 3288 983 3373 desideret,
1010 3288 1164 3372 numquid
1192 3289 1279 3354 sitim

147 3388 284 3469 corporis
309 3391 485 3456 sentiebat?

234 3662 250 3716 5
276 3661 350 3729 (Luc.
374 3661 399 3726 9,
423 3661 643 3742 nallatenus,
666 3664 778 3720 lMarc.
803 3665 828 3730 9,
853 3666 879 3736 1)
975 3668 1008 3720 14
1026 3667 1092 3722 Luc.
1112 3668 1154 3734 12,
1173 3620 1279 3726 5243

146 3749 180 3803 24
197 3748 245 3816 (ib.
266 3749 308 3814 16,
326 3749 443 3817 23-24)
499 3750 534 3805 26
552 3750 589 3805 ib.
609 3752 650 3816 16,
670 3752 704 3806 24
1275 3791 1277 3795 -

181 3924 408 3979 lnihilhominus
427 3925 486 3978 AV
537 3927 718 3998 hussumptis
736 3929 763 3982 P
815 3929 1047 4000 8discipulusV
1099 3932 1132 3986 10
1151 3949 1277 4004 conprae-

143 4039 286 4109 henditP
361 4040 395 4094 18
413 4057 508 4094 norum
526 4041 554 4095 P
570 4008 664 4096 ugrum
689 4043 715 4094 V
782 4045 815 4098 19
835 4051 898 4099 cum
913 4046 1013 4101 ocaV
1100 4045 1219 4120 uidelltu
1254 4049 1280 4102 V

144 4127 179 4184 25
198 4126 292 4198 diuisi!
311 4128 353 4182 P.
390 4128 425 4182 26
445 4128 546 4199 digitos
570 4130 596 4183 V
665 4134 731 4201 aput
748 4133 776 4184 P
895 4152 896 4155 ¹
