2902 4636
237 260 300 326 178
526 257 553 312 S.
580 255 764 311 Eucherii
791 254 1066 325 Lugdunensis

236 472 309 517 cum
331 451 381 516 illi
402 450 488 517 iusto
511 450 676 533 praeponis
705 448 855 528 examine,
882 448 1063 532 adprobnsti
1091 449 1220 536 diligere
1243 453 1275 515 te
1297 472 1357 518 000

234 559 326 623 illum
347 575 469 641 parum,
492 554 549 622 sed
570 556 650 621 hanc
673 556 809 639 amplius
832 553 961 637 aliquid.
999 556 1166 622 ostendisti
1188 558 1283 622 etiam
1304 558 1358 622 ille

234 665 265 729 in
292 667 324 729 te
352 661 465 727 secreti
493 680 580 726 amor·
605 677 700 742 quarn
725 676 859 744 magnus
887 661 1056 739 sanctuni
1082 660 1177 726 etiam
1203 663 1357 727 maximus

234 769 369 835 cederet.
405 768 460 850 qui
483 766 610 850 quidem
633 765 752 831 heremi
774 784 872 844 amor,
895 766 971 849 quid
993 765 1025 831 in
1048 769 1079 830 te
1106 767 1167 832 nisi
1194 768 1244 832 dei
1271 788 1359 834 arnor

234 874 439 961 appellendus
467 875 541 938 est?
578 872 714 938 seruasti
742 890 815 957 ergo
844 872 984 937 caritatis
1012 871 1151 938 ordinem
1177 874 1247 959 lege
1270 895 1357 958 prae·
1384 898 1410 938 0»

234 981 386 1063 scriptum
410 978 509 1062 primo
533 977 627 1044 deunn
649 983 742 1044 tuum
764 979 833 1043 erin
856 978 1031 1060 proximum
1054 977 1223 1063 diligendo.

277 1089 308 1155 2.
342 1083 443 1165 Quem
469 1087 574 1149 tamen
598 1103 655 1168 ego
680 1085 747 1149 sola
769 1083 929 1167 profectus
951 1084 1001 1148 tui
1032 1086 1298 1168 contemplatione
1321 1089 1358 1152 nt

233 1193 335 1259 animo
356 1190 475 1257 conicio
493 1209 552 1256 000
571 1190 773 1255 aduersatum
790 1189 896 1256 itineri
915 1189 1108 1272 consilioque
1126 1194 1181 1254 tuo
1201 1191 1355 1270 existimo,

229 1299 290 1364 'sed
311 1298 463 1363 inusitato
486 1297 567 1362 inter
589 1296 752 1361 deuinctus
776 1295 837 1361 sibi
858 1314 1006 1379 personas
1028 1296 1122 1363 modo
1145 1295 1302 1363 dimittere
1324 1300 1355 1363 te

231 1406 297 1484 ille,
324 1406 362 1469 ut
387 1407 476 1487 puto,
499 1421 560 1468 non
593 1403 698 1467 minus
729 1402 833 1466 uoluit
863 1421 957 1483 quam
983 1404 1018 1466 tu
1047 1401 1216 1468 discedere.
1252 1404 1394 1488 diligito

233 1512 317 1576 enim
339 1514 372 1575 ct
393 1509 448 1574 ille
470 1512 503 1574 te
525 1508 664 1573 multum
686 1508 841 1585 uicissim,
868 1509 900 1572 10
928 1527 1031 1574 amore
1057 1511 1162 1573 tumen
1188 1512 1244 1575 tuo
1272 1530 1354 1577 com-

231 1618 359 1684 modnm
382 1618 473 1680 tuum
497 1614 643 1693 consulit,
668 1632 801 1696 cumque
825 1613 1072 1679 adluentissima
1094 1615 1162 1680 0100
1181 1621 1213 1681 et·
1229 1635 1354 1698 summa

230 1724 326 1789 inte
360 1722 402 1787 sit
434 1721 558 1799 caritas,
590 1721 755 1804 fastigium
791 1722 895 1784 temen
932 1719 1020 1796 illius
1050 1721 1152 1794 tendit
1182 1741 1282 1804 usqne
1314 1722 1351 1787 ad

231 1829 412 1894 utilitatem.

275 1936 306 1999 3.
337 1934 379 1999 Et
405 1935 440 1996 tu
468 1933 544 1997 licet
571 1950 694 1998 omnem
721 1931 903 1996 iamdudum
932 1951 1060 1998 censum
1082 1933 1115 1997 in
1139 1932 1255 1999 Christi
1276 1953 1351 2014 pau·
1369 1954 1390 1994 0

229 2059 320 2124 peres
349 2038 473 2106 Christo
507 2036 596 2102 diues
629 2036 786 2115 effuderis,
818 2040 884 2102 tum
914 2040 946 2101 et
970 2039 1126 2121 praeferas
1156 2038 1233 2104 licct
1263 2039 1350 2103 annis

229 2146 379 2210 iuuenem
409 2144 549 2208 moribus
582 2161 699 2221 sonem,
732 2143 776 2208 sis
810 2143 904 2208 etiam
940 2143 1064 2229 ingenio
1100 2144 1213 2220 clarus,
1249 2143 1350 2209 clarus

231 2251 366 2333 eloquio,
394 2250 474 2314 nihil
499 2249 531 2314 in
560 2251 592 2314 tc
623 2251 727 2314 tamen
758 2251 892 2331 primore
923 2251 993 2315 loco
1025 2250 1126 2334 magis
1158 2251 1350 2333 suspexerim

229 2355 463 2438 dilexerimque,
495 2360 588 2438 quam
621 2354 704 2438 quod
736 2355 915 2420 solitudinis
947 2355 1054 2420 sedem
1086 2355 1132 2420 010
1163 2356 1349 2439 concupisti.

229 2461 311 2528 unde
339 2449 412 2544 quia
437 2480 488 2526 me
515 2460 700 2545 respondere
728 2461 885 2544 copiosius
913 2462 1154 2545 spatiosissimis
1182 2480 1217 2526 ac
1244 2463 1350 2528 facun—
1366 2482 1390 2520 so

229 2566 369 2633 dissimis
392 2566 507 2631 litteris
530 2567 595 2631 tuis
615 2584 706 2649 saepe
724 2566 878 2650 postulas,
897 2567 1027 2633 sufferas
1044 2568 1204 2651 paulisper
1220 2586 1349 2633 necesse
1429 2622 1432 2630 .

229 2677 288 2752 est,
312 2692 385 2739 cum
408 2672 452 2737 sis
477 2673 611 2756 sapiens,
634 2673 850 2756 insipientiam
872 2691 984 2749 meam,
1012 2674 1088 2738 dum
1113 2673 1216 2739 recolo
1243 2673 1350 2739 multi·

228 2777 353 2844 modam
376 2776 495 2842 domini
522 2776 653 2860 gratiam
682 2796 755 2860 erga
781 2777 861 2841 hanc
887 2777 989 2860 ipsam
1016 2777 1177 2843 heremum
1202 2776 1349 2842 dilectam

224 2886 325 2949 tuam.

271 2990 443 3055 Heremum
466 3006 540 3072 crgo
563 2991 647 3053 recte
669 2989 973 3073 incircumscriptum
999 2989 1048 3054 dei
1070 2989 1168 3054 nostri
1194 2990 1347 3071 templum
1366 3008 1389 3047 00

228 3095 375 3172 discrim3
399 3093 516 3160 etenim
539 3112 631 3178 quern
655 3097 775 3160 certum
797 3099 847 3161 est
868 3094 1349 3161 0001100010011001100000100·

229 3199 304 3265 dum
327 3202 377 3264 est
397 3199 533 3283 gaudere
557 3202 688 3266 secreto.
725 3201 851 3284 saepius
878 3220 912 3267 sc
938 3201 1005 3265 illic
1031 3199 1202 3266 uidendum
1230 3201 1348 3266 sanctis

229 3305 296 3371 suis
319 3304 464 3387 praebuit
488 3308 519 3370 ot
541 3305 727 3375 conciliante
754 3307 824 3373 loco
852 3315 1056 3392 congressum
1082 3324 1142 3370 non
1171 3308 1220 3371 est
1246 3324 1349 3388 asper·

228 3414 320 3476 natus
348 3410 530 3477 humanum.
566 3412 598 3476 in
626 3412 750 3478 deserto
777 3413 892 3497 qnippe
910 3413 1026 3478 ,Moses
1053 3411 1227 3496 glorificato
1254 3412 1348 3476 uultu

227 3516 320 3581 deum
352 3516 516 3600 conspicit,
547 3517 579 3583 in
606 3515 730 3584 deserto
753 3519 862 3585 Helias
889 3519 1015 3584 uultum
1041 3535 1170 3602 pauens,
1193 3536 1231 3582 00
1255 3516 1347 3582 deum
1364 3539 1390 3581 00

314 3757 348 3811 ec
366 3756 424 3826 (οι.
442 3757 469 3826 a)
524 3759 558 3813 ao
576 3756 713 3829 anseg.
732 3757 772 3824 1a‚
792 3757 837 3827 13>

235 3877 440 3932 ’2111111οἜῚῚ
478 3877 650 3934 6100010001
667 3879 701 3934 H
764 3879 1081 3936 701-0001010000.Η
1130 3879 1223 3950 8ncc]
1244 3897 1297 3934 non
1315 3881 1349 3936 H

227 3965 381 4021 9010010100
395 3966 427 4020 H
474 3967 723 4022 1110011101οἜῚ
769 3967 803 4024 18
819 3968 945 4039 primolt
961 3967 1133 4040 primioreH
1178 3968 1211 4022 19
1223 3967 1346 4022 dixerim·

228 4070 278 4123 qne
296 4054 330 4107 H
374 4053 408 4108 20
427 4055 541 4124 copiosis
559 4054 587 4111 R
633 4055 668 4111 22
686 4055 723 4112 010
740 4056 799 4126 ipse
812 4056 846 4111 H
896 4056 929 4111 28
948 4056 1104 4110 consiliante
1117 4055 1151 4110 H
1194 4056 1229 4110 29
1242 4071 1352 4129 moyses¹

227 4142 279 4210 (010
294 4146 406 4212 semper)
424 4142 539 4198 HHHR
609 4143 688 4200 deum
705 4144 785 4200 uultu
802 4143 836 4198 H
885 4145 920 4200 30
938 4145 1030 4217 helyas
1048 4144 1106 4200 HR
