2902 4636
573 272 623 326 De
650 272 763 327 laude
790 273 942 327 heremi.
1258 277 1320 342 179

198 466 402 549 conspiceret,
430 465 582 532 obuoluit.
620 470 652 531 et
679 465 822 548 quamuis
851 467 955 531 omnia
980 467 1049 550 ipso
1075 472 1234 551 tamquam
1263 488 1320 534 suu

198 572 343 637 reuisitet
365 590 464 653 neque
488 573 610 655 uspiam
635 571 726 650 desit,
746 575 851 637 tamen
874 573 915 635 nt.
933 573 1098 638 aestimare
1120 574 1204 653 licet,
1227 592 1320 658 pecu-

197 677 305 742 liarius
329 678 542 742 uisitationem
567 677 716 763 dignatur
737 678 856 743 heremi
879 681 912 743 et
935 679 1013 743 caeli
1036 682 1201 745 secretum.

242 785 272 847 4.
305 783 423 848 Ferunt
449 784 599 866 quendam
624 784 677 849 alii
701 785 871 866 quaerenti,
900 785 986 867 quali
1008 786 1110 850 inesse
1132 786 1201 852 loco
1225 785 1317 850 deum

164 889 348 968 nerodoret,
371 890 579 973 respondisse,
602 893 638 954 ut
661 908 721 972 quo
746 909 779 954 se
803 890 939 969 ducaret,
967 887 1101 976 impiger
1123 893 1317 974 sequeretur3

197 997 272 1060 tunc
296 996 463 1060 comitante
486 995 594 1060 eodem
614 995 653 1060 ad
670 995 734 1060 late
753 996 888 1079 patentis
908 996 1026 1061 heremi
1051 1003 1172 1062 secreta
1193 997 1318 1062 uenisse

197 1104 230 1164 et
261 1100 428 1165 ostendens
459 1102 568 1165 uastae
601 1100 782 1166 solitudinis
813 1119 991 1166 recessum:
1030 1120 1083 1177 cn,
1114 1102 1231 1184 inquit,
1264 1102 1318 1166 nbi

196 1204 275 1270 daus
299 1209 357 1270 est
389 1225 447 1271 nec
469 1206 614 1270 inmerito
638 1204 682 1270 ibi
706 1225 776 1271 esse
799 1207 974 1290 promptius
998 1207 1144 1286 creditur,
1168 1208 1223 1272 nbi
1244 1207 1318 1272 foci-

194 1310 257 1374 lius
280 1311 448 1376 inuenitur.

149 1439 176 1477 ro
241 1419 269 1479 5.
289 1417 370 1480 Nam
389 1418 469 1482 etin
487 1417 665 1499 primordiis
683 1437 796 1497 rarum,
812 1437 883 1483 eum
898 1419 1002 1483 omnia
1019 1418 1097 1485 deus
1114 1419 1147 1483 in
1166 1418 1317 1501 sapientia

194 1521 312 1587 faceret
338 1528 370 1588 et
398 1523 523 1608 singula
551 1542 692 1607 quaeque
719 1524 835 1588 futuris
862 1524 973 1590 usibus
1001 1528 1074 1608 apta
1100 1525 1316 1616 distingueret,

194 1646 254 1692 non
283 1629 391 1711 utique
418 1629 497 1695 hanc
524 1633 622 1694 terrac
650 1632 771 1711 purtem
797 1628 942 1694 inutilem
970 1633 1002 1694 et
1026 1630 1241 1695 inhonoratam
1264 1629 1315 1694 de·

192 1733 329 1814 reliquit,
354 1733 409 1798 sed
432 1740 546 1800 cuncta
568 1753 629 1799 non
651 1733 753 1817 magis
781 1735 937 1815 praesenti
964 1734 1195 1819 magnificentia
1221 1753 1314 1817 quam

192 1837 292 1901 futuri
327 1839 535 1922 praescientia
566 1857 674 1905 creans
709 1841 862 1918 uenturis,
899 1843 936 1904 ut
971 1840 1116 1920 arbitror,
1154 1841 1314 1906 heremum

147 1975 173 2015 n
193 1945 309 2008 sanctis
327 1943 460 2027 parauit.
484 1944 575 2010 credo
599 1944 649 2009 his
671 1944 758 2008 illam
780 1946 972 2029 locupletem
989 1946 1021 2010 in
1039 1946 1194 2012 fructibus
1212 1947 1316 2012 uoluit

193 2052 226 2111 et
246 2068 301 2138 pro
324 2048 564 2135 indulgentioris
587 2053 715 2114 naturae
733 2050 805 2115 uice
823 2051 903 2116 banc
922 2054 1101 2116 sanctorum
1120 2051 1191 2117 dare
1209 2051 1314 2117 fecun

192 2153 273 2231 dam,
300 2158 338 2219 ut
365 2155 411 2221 sic
436 2155 681 2240 pinguescerent
706 2155 784 2221 fines
816 2156 942 2235 deserti,
971 2161 1101 2223 etcum
1132 2158 1249 2241 rigaret
1276 2157 1312 2222 da

192 2258 405 2341 superioribus
441 2260 507 2325 suis
544 2264 678 2340 montes,
715 2261 908 2326 abundarent
944 2281 1067 2344 quoque
1103 2261 1313 2344 multiplicata

190 2365 280 2449 fruge
312 2366 470 2430 conualles
501 2366 702 2448 locorumque
734 2366 848 2431 damna
879 2356 1048 2450 suppleret,
1086 2385 1157 2432 cum
1192 2365 1312 2430 habita·

145 2504 172 2543 20
190 2470 308 2536 tionem
332 2471 471 2537 sterilem
493 2471 667 2537 habitatore
691 2472 814 2537 ditaret.
1054 2537 1056 2544 ,

235 2578 264 2639 6.
296 2576 466 2642 Possessor
496 2577 550 2642 ille
576 2577 713 2660 paradisi
740 2581 772 2642 at
799 2581 1009 2663 transgressor
1038 2577 1207 2660 praecepti,
1238 2595 1310 2643 oum
1364 2660 1365 2663 Ἴ

188 2683 295 2746 locum
321 2683 496 2765 uoluptatis
523 2683 687 2761 habitaret,
714 2682 807 2746 finam
835 2683 896 2748 sibi
923 2702 942 2747 a
968 2682 1025 2749 deo
1052 2684 1155 2767 legem
1187 2696 1310 2751 seruarc

187 2806 248 2852 non
270 2789 384 2870 potuit.
422 2791 537 2870 quanto
560 2789 643 2852 onim
669 2789 834 2854 iucundior
859 2790 914 2854 ille
941 2788 1182 2854 amoenitatibus
1208 2790 1309 2865 locus,

187 2895 274 2957 tanto
303 2894 377 2958 huic
404 2895 435 2958 in
463 2894 587 2977 lapsum
618 2897 743 2977 pronior
773 2894 851 2970 fuit;
884 2894 966 2959 unda
998 2914 1059 2959 non
1092 2894 1195 2959 solum
1225 2895 1310 2959 hunc

140 3031 169 3071 ,ὁ
186 2999 312 3083 legibus
340 2999 406 3064 suis
434 2999 583 3077 subdidit,
613 2999 669 3064 sed
696 3001 791 3064 etiam
817 3001 850 3064 in
877 3019 934 3066 nos
962 3019 1062 3082 usque
1094 3019 1187 3065 suum
1218 3000 1309 3065 illum

187 3105 352 3169 stimulum
374 3124 457 3170 mors
488 3105 633 3172 tetendit.
668 3105 798 3188 proinde
824 3107 986 3171 heremum
1014 3106 1098 3171 colat
1128 3106 1182 3188 qui
1208 3106 1308 3171 uitam

186 3210 284 3293 cupit,
308 3212 381 3293 quia
403 3212 526 3276 amoeni
546 3212 651 3276 incola
672 3215 805 3276 mortem
826 3212 959 3295 parauit.
983 3210 1038 3277 sed
1060 3212 1122 3276 iam
1144 3211 1183 3276 ad
1205 3215 1309 3295 poste·

184 3316 266 3381 riora
287 3317 406 3381 heremi
428 3317 485 3382 deo
509 3315 632 3401 semper
654 3320 799 3401 acceptae
823 3319 963 3401 exempla
985 3319 1158 3383 ueniamus

231 3422 261 3486 7.
292 3422 398 3486 Moses
435 3441 505 3487 oum
543 3423 661 3507 egisset
695 3441 792 3506 pecus
828 3424 866 3488 ad
898 3424 1045 3488 interiora
1080 3424 1203 3503 deserti,
1231 3426 1306 3488 tunc

220 3716 399 3785 loonspiciat
415 3714 503 3770 ΕΓΗ
553 3716 688 3771 2reuiset
705 3716 738 3770 H
787 3717 906 3772 3cellae
924 3716 958 3771 H
1008 3718 1096 3772 4alio
1115 3718 1173 3773 HR
1232 3716 1305 3788 quali

181 3803 211 3855 in
229 3802 287 3856 loco
307 3818 365 3857 esse
383 3802 462 3858 deum
476 3803 509 3857 H
552 3804 689 3859 dtumH
736 3805 769 3859 12
786 3805 943 3875 reliqnitH
959 3805 1061 3860 dimisit
1073 3805 1131 3860 EF
1177 3805 1210 3858 13
1228 3819 1304 3875 prae·

177 3890 266 3948 ,sends
283 3889 317 3944 H
404 3892 437 3945 14
459 3892 559 3947 sanctis
580 3893 716 3948 heremum
734 3892 768 3947 H
854 3895 886 3948 15
909 3893 1023 3965 parabat
1039 3893 1070 3948 F
1154 3894 1182 3948 in
1204 3909 1255 3947 om.
1273 3889 1306 3946 H

183 3976 216 4030 16
238 3977 295 4032 uite
313 3978 340 4033 R
429 3981 461 4033 ll
484 3981 614 4050 irragaret
635 3981 669 4035 H
756 3982 789 4037 18
810 3981 997 4036 habundarent
1014 3981 1096 4038 ΕΓΒ
1189 3981 1221 4035 19
1240 3997 1303 4050 sup·

181 4064 268 4136 plauit
285 4064 318 4118 H
403 4066 437 4120 23
455 4068 663 4125 iocundiorElr'
748 4071 784 4124 24
800 4073 877 4124 tanto
892 4086 942 4124 ona.
956 4070 1013 4125 EF
1097 4071 1202 4142 lapsum
1219 4069 1263 4124 hic
1276 4069 1304 4125 R

179 4151 215 4205 28
234 4157 343 4224 accepta
360 4152 418 4208 EF

1199 4259 1249 4316 1⁶2*
