2902 4636
258 308 362 373 XXVI
713 304 929 357 Praelatio.

259 502 392 577 constet,
415 518 476 563 non
500 498 631 562 consilio
661 517 729 562 meo
758 499 923 562 conuenire
948 499 1004 562 sed
1027 497 1166 562 officium
1189 515 1295 560 meum
1319 513 1387 559 esse

259 605 474 670 existimabam
505 607 626 669 textum
659 604 760 685 qualis
792 604 823 667 in
856 603 1027 686 praestanti
1054 602 1191 667 editione
1216 602 1249 666 P.
1273 601 1388 666 Knoell

257 714 378 794 prostat
401 729 471 777 cum
496 711 574 774 meis
599 711 734 774 testibus
763 710 912 786 conferre,
937 729 1009 774 cum
1036 708 1220 792 praesertim
1246 708 1387 771 locorum

258 816 532 899 comparandorum
567 835 714 880 numerus
746 819 811 879 tam
843 834 976 898 magnus
1016 815 1066 879 sit.
1104 814 1135 877 in
1172 814 1230 877 hac
1263 831 1386 894 qnoque

257 924 345 1004 parte
364 941 401 985 ea
419 940 512 1003 quam
532 922 592 986 alio
611 921 680 985 loco
701 921 885 984 adumbrari
904 921 984 985 inter
1002 939 1088 984 meos
1108 923 1140 983 et
1157 918 1244 986 illius
1264 917 1386 991 codices

258 1027 422 1092 concordia
445 1026 607 1109 reperitur.
632 1026 715 1109 qnod
733 1027 778 1092 M.
795 1026 986 1109 Petschenig
1008 1025 1060 1090 cni
1082 1024 1253 1108 plurimum
1272 1023 1385 1101 tribuo,

257 1152 316 1197 non
350 1134 433 1215 quod
466 1134 566 1197 editor
587 1133 757 1217 Augustini
789 1151 917 1215 operum
947 1135 1005 1210 est,
1027 1131 1059 1195 id
1088 1130 1170 1213 quod
1203 1128 1240 1194 G.
1264 1130 1387 1214 Krriger

256 1237 288 1301 in
317 1239 563 1323 „Theologische
587 1238 870 1321 Literaturzeitung
894 1238 1132 1304 1895Nr.14“
1160 1236 1331 1300 scribit-
1350 1254 1386 1299 ea

257 1347 340 1408 enirn
372 1345 449 1408 fides
483 1365 499 1409 a
531 1345 622 1409 nobis
654 1363 782 1426 prorsus
816 1345 915 1408 aliena
948 1347 1061 1408 est-
1084 1344 1140 1407 sed
1171 1343 1245 1426 quia
1275 1341 1385 1405 harum

256 1468 358 1513 rerum
377 1450 588 1532 peritissimus
609 1452 666 1526 est,
685 1453 804 1531 partem
819 1452 838 1512 2
853 1451 917 1515 uol.
936 1449 1072 1512 XXVIII
1090 1466 1253 1512 recensens
1272 1446 1384 1529 poscit,

256 1556 294 1618 nt
312 1555 406 1619 etiam
420 1556 571 1639 Eugippii
589 1546 761 1619 rrariantem
780 1555 946 1619 lectionem
960 1555 992 1618 in
1008 1558 1189 1636 apparatum
1205 1554 1384 1636 reciperem.

257 1660 285 1723 ei
308 1647 514 1742 postulationi
541 1661 687 1743 quamuis
711 1661 817 1726 iustae
845 1661 1007 1744 prouincia
1028 1679 1099 1723 mea
1121 1663 1184 1724 tarn
1210 1659 1304 1733 certis
1327 1663 1385 1723 ter·-

255 1765 349 1830 minis
373 1763 611 1849 circumscripta
633 1766 813 1856 satisfacere
836 1786 854 1830 a
876 1786 927 1831 me
948 1765 1116 1848 impetrare
1140 1785 1198 1830 non
1223 1767 1322 1848 potui.

299 1869 463 1936 Postremo
487 1872 547 1936 hoc
570 1871 682 1936 addam
699 1871 732 1935 in
750 1871 856 1936 uerbis
879 1864 1044 1935 reddendis
1063 1890 1113 1934 rne
1132 1870 1384 1954 orthographiam

256 1976 399 2041 codicum
427 1997 614 2060 quamquam
643 1977 834 2042 constantiae
858 1977 1021 2041 cuiusdam
1043 1978 1130 2059 leges
1154 1977 1384 2058 aspernantium

256 2085 401 2146 secutum
433 2101 513 2147 esse.
545 2083 574 2148 U
609 2101 777 2147 consonam
808 2083 840 2146 in
872 2085 960 2166 parte
990 2083 1085 2147 tertia
1116 2102 1170 2165 per
1192 2083 1220 2146 V
1246 2082 1385 2147 litteram

254 2188 380 2251 rest'tni
412 2187 502 2253 iussi.
535 2188 660 2251 nomina
689 2188 814 2271 propria
846 2206 924 2270 qnae
956 2188 1104 2253 dicuntur
1126 2207 1236 2271 graeca
1260 2187 1298 2251 ad
1321 2187 1383 2251 usi·

255 2295 357 2356 tatum
393 2312 512 2363 morem
546 2293 663 2367 refinxi,
696 2294 727 2357 in
764 2294 971 2375 exprimendis
1008 2294 1161 2358 hebraicis
1198 2295 1384 2377 plerumque

254 2398 397 2462 codicum
421 2418 602 2482 graecorum
627 2399 879 2482 orthographiam
904 2402 1063 2483 amplexus
1091 2419 1172 2465 sum.
1202 2419 1301 2481 neque
1325 2400 1384 2464 hoc

254 2504 393 2588 legentes
416 2504 558 2589 ignorare
581 2505 692 2569 uelim:
717 2505 838 2587 aliquot
859 2506 945 2571 locos
970 2506 1139 2589 scripturae
1163 2524 1268 2570 sacrae
1291 2525 1381 2586 quarn

252 2609 451 2691 Augustinus
472 2610 669 2691 expositurus
689 2614 738 2675 est
755 2611 951 2676 antecedenti
968 2612 1082 2695 pagina
1099 2614 1224 2676 notatos
1240 2612 1382 2694 sequenti

254 2715 428 2799 significare
452 2716 555 2782 omisi.

296 2820 417 2897 Restat,
449 2824 486 2884 ut
518 2822 634 2906 gratias
668 2842 759 2906 agam
784 2823 977 2892 ,Ministeriis
1013 2825 1160 2906 publicis,
1196 2824 1381 2889 Academiae

251 2926 429 2991 litterarum
453 2926 631 3005 Caesareae,
655 2928 915 2993 bibliothecarum
940 2932 971 2993 et
993 2930 1159 3011 praefectis
1184 2933 1216 2994 et
1238 2930 1381 3015 collegiis

253 3031 384 3115 aliisque
408 3033 485 3097 uiris
509 3034 562 3115 qui
585 3034 814 3116 supellectilem
834 3036 975 3099 criticam
995 3036 1181 3118 congerendi
1199 3036 1380 3101 facultatem

252 3137 330 3201 mihi
351 3139 500 3204 lecerunt.
525 3140 642 3203 nemini
665 3142 770 3204 autem
796 3141 869 3223 plus
896 3160 946 3203 me
970 3141 1081 3205 dehere
1104 3160 1197 3222 quarn
1231 3140 1381 3224 singulari

254 3240 403 3325 Guilelmi
431 3244 468 3307 de
495 3244 605 3314 Hartel
633 3249 665 3310 et
687 3246 874 3310 humanitati
898 3249 930 3309 et
957 3246 1115 3311 doctrinae
1138 3247 1191 3328 qui
1215 3249 1247 3310 et
1268 3265 1323 3327 per
1345 3266 1380 3312 se

251 3347 319 3431 ipse
343 3353 375 3412 et
396 3349 581 3414 Academiae
614 3356 722 3415 auctor
752 3370 808 3432 per
838 3355 940 3415 totum
973 3352 1055 3416 illud
1084 3355 1209 3434 tempus
1234 3371 1295 3434 quo
1319 3373 1378 3427 non

252 3453 355 3518 solum
391 3454 450 3519 hoc
482 3455 630 3520 uolumen
663 3457 863 3521 conficiebam
896 3457 952 3520 sed
984 3476 1056 3521 cunr
1093 3457 1166 3521 hnic
1202 3458 1376 3522 studiorum

251 3560 356 3644 generi
388 3578 513 3642 operam
546 3562 699 3626 nauabam
731 3560 860 3626 consilio
894 3566 986 3644 atque
1020 3564 1134 3627 anxilio
1166 3562 1244 3627 mihi
1267 3550 1377 3645 adesse

250 3682 310 3729 uon
342 3664 498 3730 destiterit
531 3668 628 3732 libere
663 3668 818 3750 profiteor.
852 3667 886 3733 d.
919 3668 1018 3733 Ziusa
1051 3668 1128 3732 mihi
1165 3668 1379 3734 amicissimus

250 3768 395 3854 plagulas
417 3772 551 3863 legendo
574 3793 624 3838 me
648 3773 710 3837 sihi
734 3773 882 3841 deninxit.
1077 3757 1082 3766 ¹

295 3876 360 3939 Iam
384 3882 472 3943 exeat
492 3879 640 3942 uolumen
663 3879 761 3943 Italae
784 3879 993 3963 cognitionem
1018 3884 1192 3947 aucturum.

293 4016 413 4081 Dabam
437 4017 640 4086 Vindobonae
663 4038 769 4094 mense
792 4019 872 4085 Iulio
897 4040 930 4089 a„
947 4020 1274 4088 Mbccerxxxxv.

898 4179 1062 4271 Iosephus
1088 4180 1218 4272 Zycdo.
1257 4205 1260 4210 ·
