2902 4636
145 247 209 310 124
438 239 463 292 S.
490 238 673 293 Eucherii
701 239 975 308 Lugdunensis

143 437 236 504 modo
270 432 426 499 iudicabit
456 433 533 497 deus
565 433 727 511 mundum,
755 434 817 498 nisi
844 453 968 498 summa
994 435 1154 526 aequitate
1182 437 1272 517 atque

144 543 289 608 iustitia?
314 539 425 604 deinde
444 540 599 621 sequitur:
619 540 646 604 si
665 541 747 604 euim
766 541 882 605 ueritas
902 541 952 605 dei
968 540 1000 605 in
1019 560 1089 606 meo
1108 542 1270 619 mendacio

146 647 320 712 abundauit
340 645 373 708 in
397 644 529 727 gloriam
551 645 661 728 ipsius.
686 649 718 710 et
736 646 795 711 hoo
813 646 858 710 ita
874 647 1028 728 proponit,
1047 653 1085 710 ut
1101 647 1274 712 refellentis

145 754 196 831 sit,
228 770 288 817 non
322 749 531 831 adprobantis,
565 751 640 833 quia
671 751 698 814 si
730 752 847 815 ueritas
876 751 926 815 dei
953 751 1113 816 mendaoio
1137 752 1275 818 hominis

143 858 289 942 indiguit,
311 875 369 922 neo
389 859 534 939 peccator
553 859 714 939 tamquam
735 861 880 940 peccator
903 857 1103 938 iudicabitur,
1126 861 1160 924 et
1182 878 1261 942 quae
1304 874 1363 923 ⁵

144 963 364 1047 blasphemant
398 960 429 1024 in
466 965 625 1045 apostolos
658 982 733 1027 uera
764 963 963 1027 uidebuntur.
1002 983 1075 1046 ergo
1109 964 1186 1046 quid
1216 969 1274 1044 est,

119 1111 122 1116 ·
146 1069 229 1152 quod
252 1067 351 1131 dicit?
375 1069 407 1129 et
425 1065 453 1129 si
472 1085 507 1130 er
529 1068 746 1150 conparatione
769 1067 942 1132 iniust'tiae
964 1068 1088 1133 iustitia
1110 1069 1272 1149 elaresoat,

146 1193 207 1240 non
237 1172 307 1239 ideo
339 1176 444 1236 tamen
476 1173 569 1237 homo
601 1173 739 1237 iniustus
767 1192 837 1237 esse
865 1173 976 1252 debet,
1000 1176 1037 1238 ut
1064 1174 1142 1239 deus
1169 1175 1276 1241 iustus

145 1278 300 1362 adpareat.
324 1277 482 1342 damnatio
511 1296 618 1343 eorum
645 1278 731 1343 iusta
761 1282 810 1343 est
840 1279 894 1360 qui
921 1298 977 1344 nos
1005 1279 1083 1344 haeo
1110 1281 1277 1346 adfirmant
1315 1301 1329 1307 ‘

146 1386 258 1450 dioere.
286 1383 361 1466 quid
390 1382 515 1448 dicere?
547 1384 698 1448 faciamus
725 1386 817 1462 mala,
846 1387 883 1448 ut
909 1385 1038 1449 ueniant
1064 1387 1157 1451 bona.
1185 1389 1328 1470 puta-10

145 1491 259 1555 bantur
280 1493 386 1554 autem
410 1490 544 1571 apostoli
571 1488 659 1554 istud
687 1489 789 1554 dicere
817 1490 899 1573 apud
923 1509 976 1554 eos
1000 1490 1055 1572 qui
1077 1493 1160 1556 male
1182 1493 1276 1557 inter·

145 1596 347 1679 probabantur
361 1595 480 1659 dietum
498 1596 717 1678 apostolieum,
732 1595 811 1660 illud
830 1597 957 1678 utique:
981 1596 1044 1659 ubi
1068 1597 1278 1663 abundauit

147 1704 366 1784 peecatum,
391 1701 739 1782 superabundauit
761 1702 903 1785 gratia.

189 1807 231 1872 ll.
251 1806 333 1886 Quid
350 1807 430 1871 illud
450 1810 508 1884 est,
528 1807 611 1889 quod
628 1807 781 1891 legimus:
801 1811 839 1871 at
856 1805 953 1888 quid
971 1807 1071 1872 enim
1088 1808 1276 1890 Christus,

148 1933 232 1979 oum
256 1914 383 1978 adhue
405 1912 559 1976 infirmi
583 1931 772 1989 essemus,
793 1912 1010 1977 seeundum
1028 1917 1188 1996 tempus
1206 1936 1276 2000 pro
1293 1943 1318 1985 rs

147 2019 287 2101 impiis
310 2023 492 2083 mortuus
516 2021 599 2082 est?
622 2019 687 2082 uix
706 2018 808 2083 enim
819 2036 893 2114 pro
912 2019 1023 2084 iusto
1048 2020 1139 2101 quis
1163 2022 1277 2087 mori·

147 2128 221 2192 tur.
245 2143 329 2188 nam
352 2144 419 2208 pro
442 2124 543 2189 bono
566 2125 754 2191 forsitam
776 2125 864 2207 quis
887 2124 1034 2189 audeat
1055 2126 1178 2191 mori?

128 2295 130 2303 ,
190 2231 260 2296 Hoo
283 2234 340 2307 est,
364 2230 449 2313 quod
470 2231 542 2294 uult
562 2230 724 2314 intellegir
750 2230 804 2294 ille
830 2249 886 2313 pro
913 2229 1019 2313 impiis
1047 2233 1192 2297 mortuus
1217 2236 1276 2311 est,

148 2355 220 2401 oum
246 2336 298 2400 uix
326 2337 490 2419 quisquam
518 2336 691 2419 reperiatur
717 2335 796 2413 mori
819 2336 904 2400 uelle
925 2355 981 2419 pro
1004 2336 1100 2401 iusto,
1125 2357 1198 2401 narn
1220 2358 1276 2421 pro

147 2442 239 2520 bono,
262 2441 367 2507 idest
390 2442 523 2523 Christo,
550 2441 692 2507 forsitam
720 2441 832 2523 aliquis
855 2442 935 2506 mori
958 2441 1081 2519 audeat,
1105 2442 1157 2506 hio
1180 2445 1318 2511 etiams

149 2546 186 2611 de
214 2567 248 2612 se
274 2549 448 2613 uereounde
469 2548 621 2627 indicans,
649 2548 732 2630 quod
759 2565 814 2629 pro
839 2546 963 2612 Christo
992 2547 1071 2611 mori
1097 2549 1210 2631 possit.
1245 2553 1277 2614 et

149 2652 256 2717 aliter:
279 2653 332 2718 uir
355 2654 437 2718 euim
461 2673 515 2738 pro
538 2655 623 2718 iusto
647 2654 717 2736 quis
732 2653 882 2720 moritur.
906 2652 938 2717 iu
957 2652 1057 2717 ueteri
1074 2653 1145 2737 lege
1163 2655 1196 2719 iu
1215 2674 1278 2738 qua

149 2760 198 2822 est
227 2778 282 2841 pro
313 2759 530 2825 mandatomm
572 2759 739 2824 seueritate
769 2757 893 2822 iustitia
914 2758 967 2822 uir
997 2758 1089 2840 pauoi
1120 2763 1275 2845 martyres

149 2867 223 2929 sunt
252 2866 376 2949 reperti,
408 2867 440 2931 in
472 2884 554 2931 nouo
588 2868 693 2930 autem
724 2865 934 2929 instrumento
966 2864 998 2928 in
1034 2852 1095 2946 quo
1134 2869 1184 2930 est
1219 2885 1275 2950 pro

146 2969 264 3052 pietate
282 2976 515 3056 praeceptorum
533 2972 657 3036 bonitas
674 2971 916 3036 innumerabiles
929 2972 1081 3053 martyres
1096 2971 1275 3054 extiterunt.
1294 2996 1320 3036 u

191 3076 248 3142 Ill.
280 3078 452 3160 Apostolus
485 3077 562 3142 dicit
593 3077 631 3141 de
664 3077 721 3142 deo
753 3078 857 3159 patre:
884 3075 958 3141 sed
989 3094 1056 3158 pro
1089 3076 1275 3144 omuibus

149 3182 263 3248 nobis
282 3183 455 3248 tradidit
471 3183 599 3261 illum,
612 3183 646 3247 id
660 3181 836 3264 estfiliumz
857 3181 932 3264 quid
957 3181 990 3246 in
1017 3182 1077 3245 hoo
1096 3179 1274 3264 signifieat?

236 3355 269 3409 12
287 3356 363 3410 Rom.
382 3356 408 3421 b,
427 3356 462 3411 20
516 3355 549 3409 14
567 3354 604 3411 ib.
623 3357 648 3419 b,
668 3355 735 3409 6—l
791 3356 826 3410 26
843 3354 880 3409 ib.
898 3355 923 3420 8,
942 3356 977 3409 32

184 3483 198 3537 1
212 3487 378 3556 aequitatem
391 3488 418 3541 P
434 3490 471 3552 (m
490 3490 572 3555 erae.)
627 3486 644 3540 3
662 3452 811 3540 abundabit
823 3488 903 3566 (eom.
918 3502 952 3540 m.
967 3488 1009 3552 2.)
1019 3485 1046 3538 P
1059 3483 1210 3540 abundabit
1221 3488 1278 3542 AV

148 3601 307 3669 proponitur
323 3601 380 3656 AV
449 3588 482 3655 nt
500 3617 551 3656 om.
569 3603 597 3655 A
653 3566 869 3670 Aadprobantds
887 3601 915 3654 P
932 3603 1009 3668 (corr.
1024 3616 1058 3654 m.
1071 3602 1110 3666 2.)
1171 3602 1275 3657 ttam-

149 3700 229 3755 quam
246 3692 372 3758 peccator
389 3690 486 3743 omtA
556 3689 816 3760 liblasphemabant
832 3690 890 3743 AV
968 3689 1102 3759 quidest]
1122 3688 1276 3760 quidemA

148 3798 216 3855 dut
234 3817 284 3857 om.
302 3803 362 3858 AV
428 3807 445 3860 9
463 3760 606 3859 adfirment
624 3807 702 3874 (corr.
722 3822 756 3859 m.
770 3806 809 3874 2.)
825 3805 852 3858 P
905 3805 938 3858 10
958 3805 1023 3876 quid
1046 3804 1132 3858 dicere
1150 3822 1202 3860 om.
1220 3807 1278 3861 AV

49 3953 52 3960 ·
148 3883 297 3984 putabitur
313 3918 341 3971 P
428 3921 459 3974 11
480 3920 617 3991 apostolus
635 3921 663 3973 A
751 3922 817 3990 aput
834 3919 862 3972 P
949 3919 982 3974 13
1001 3919 1231 3990 superabundabit
1252 3922 1279 3975 V

150 4003 184 4057 19
201 4006 369 4075 repperiatur
384 4008 411 4060 P
429 4009 560 4076 (primum
577 4025 594 4078 p
614 4009 664 4063 del.
678 4026 711 4062 aa.
727 4008 765 4076 2.)
783 4008 951 4078 repperiatur
968 4011 994 4060 A
1082 4007 1114 4061 21
1139 4025 1167 4062 se
1189 4025 1276 4078 supra

150 4117 198 4172 bn.
216 4118 244 4171 P
296 4120 330 4173 22
348 4123 439 4176 uetere
462 4121 489 4175 V
538 4122 574 4175 24
592 4089 690 4176 ηοωΡ
737 4123 776 4176 ’25
795 4119 920 4192 pllietate
937 4122 965 4174 P
