2902 4636
557 242 607 297 De
634 242 748 297 lande
773 242 924 300 heremi.
1246 246 1308 311 185

186 437 334 502 heremus
357 435 469 520 spiritu
497 439 605 502 sancto
633 440 821 522 suggerente
847 436 942 522 digna
968 436 1142 521 suggestio.
1178 437 1312 520 mystico

188 561 261 627 ergo
289 542 417 607 flumine
444 542 570 608 infusus
593 542 676 607 nihil
703 542 764 608 sibi
794 542 881 625 prius
909 541 1064 627 agendum
1090 544 1190 625 putat,
1219 561 1311 624 quam

187 651 225 712 ut
247 649 286 713 ad
309 651 430 714 secreta
453 648 630 715 contendat.
668 651 700 713 et
726 651 829 714 tamen
856 648 911 713 ille
939 648 1168 713 sanctificantes
1192 665 1313 729 semper

187 773 284 836 aquas
320 757 395 819 tuno
429 755 681 821 sanctifieauerat
716 772 773 820 nec
808 753 929 837 peceati
964 753 1121 819 hominem
1159 755 1309 837 purgatus

154 859 343 936 subluerat;
365 862 531 942 peccatum
558 859 640 924 enim
665 859 720 924 ille
746 877 847 942 neque
874 858 989 924 fecerat
1015 877 1116 941 neque
1141 857 1310 923 metuebat.

190 967 221 1028 et
243 964 361 1029 heremi
383 968 488 1030 tamm
512 965 619 1030 ardore
642 965 794 1050 flagrabat
816 968 909 1047 atque
936 965 968 1033 in
995 964 1138 1029 omnibus
1164 963 1310 1029 salutaris

188 1071 297 1135 auctor
320 1071 452 1154 exempli
475 1069 555 1136 banc
578 1071 639 1136 sibi
661 1089 721 1135 non
744 1071 869 1155 dignam
891 1071 980 1135 nobis
1004 1068 1208 1135 desiderabat.
1232 1086 1310 1151 qnae

188 1176 216 1241 si
243 1176 354 1241 uotiua
381 1176 438 1242 deo
466 1177 504 1242 ab
533 1178 688 1243 erroribus
716 1178 825 1253 libero,
858 1179 973 1260 quanto
1005 1176 1107 1260 magis
1138 1175 1311 1240 necessaria

186 1281 308 1347 homini
334 1283 490 1348 erroribus
518 1283 670 1349 obnoxio?
702 1283 730 1349 si
756 1283 855 1366 petita
881 1302 941 1348 non
969 1281 1171 1364 delinquenti,
1195 1283 1309 1363 quanto

142 1386 289 1471 armagis
313 1387 486 1470 exoptanda
507 1388 675 1471 peccanti?

232 1492 284 1560 23.
308 1492 357 1557 Ibi
380 1494 475 1565 etiam
498 1495 530 1558 in
553 1494 740 1559 famulatum
763 1493 882 1559 domini
903 1492 1042 1558 remotis.
1055 1491 1311 1572 circumstrepena

186 1597 266 1662 tium
292 1599 394 1664 turbis
422 1600 520 1664 tacita
546 1599 645 1665 diuini
672 1599 791 1684 uigoris
818 1599 993 1664 ministeria
1020 1596 1201 1675 succedunt,
1224 1596 1309 1660 etin

185 1704 312 1768 heremo
341 1703 534 1770 constitutus
560 1707 719 1788 tamquam
746 1705 810 1770 iam
836 1706 868 1769 in
893 1705 1014 1770 caelum
1036 1705 1180 1767 reuectus
1203 1716 1309 1766 occur·

185 1808 322 1874 rentium
345 1809 497 1893 excipitur
520 1810 631 1876 officiis
656 1812 846 1895 angelorum.
870 1809 915 1876 ibi
933 1813 1008 1874 tunc
1026 1811 1200 1883 tentantem
1218 1809 1309 1872 notae

142 1915 263 1981 arantis
286 1914 410 1980 insidiis
434 1915 558 1982 hostem
580 1916 671 1982 illum
695 1917 816 1999 antiqui
844 1915 995 1998 temporis
1024 1913 1209 1990 confutarit,
1237 1931 1308 1995 sup·
1399 1952 1401 1957 ·

185 2023 457 2104 plantatoremque
484 2020 602 2086 ueteris
630 2020 730 2086 Adam
758 2040 860 2086 nouus
882 2021 984 2087 Adam
1010 2019 1157 2103 reppulit.
1194 2036 1211 2083 o
1238 2019 1308 2083 laus

185 2146 299 2211 magna
322 2127 448 2204 deserti,
472 2130 514 2191 nt
531 2126 676 2192 diabolus
699 2127 895 2211 quiuieerat
917 2129 949 2192 in
971 2126 1115 2210 paradiso
1133 2125 1165 2189 in
1182 2124 1308 2189 heremo

185 2233 382 2298 uinceretur!
899 2217 904 2228 ⁸

230 2340 282 2402 24.
315 2338 468 2404 Desertus
492 2339 586 2403 etiarn
609 2339 700 2404 locus
723 2339 776 2403 ille
800 2343 866 2404 erat
891 2338 923 2402 in
951 2356 1012 2420 quo
1040 2336 1179 2402 saluator
1203 2338 1310 2406 noster

139 2459 167 2499 2⁰
187 2444 326 2526 quinque
353 2444 499 2509 uiuorum
526 2444 615 2509 milia
641 2444 776 2527 panibus
803 2444 939 2528 quinque
963 2451 995 2508 et
1016 2443 1164 2527 piscibus
1184 2445 1307 2508 tantum

186 2548 310 2614 duobus
332 2549 431 2631 pauit
455 2550 593 2626 satiauit,
614 2550 761 2634 expleuit.
785 2569 908 2634 semper
929 2549 961 2613 in
985 2547 1108 2613 deserto
1131 2566 1206 2612 suos
1227 2565 1308 2629 pane

184 2655 276 2720 Iesus
307 2655 425 2737 pasoit;
467 2655 534 2720 suis
565 2657 757 2739 praetulerat
788 2656 863 2720 olim
895 2672 1009 2719 manna
1042 2653 1141 2717 diuini
1170 2651 1308 2717 muneris

184 2759 288 2839 fidem,
312 2745 394 2825 nunc
417 2760 572 2845 fragmina
593 2761 818 2844 praetulerunt,
843 2759 1015 2841 eodemque
1031 2757 1182 2829 miraculo
1200 2757 1305 2822 uictus

184 2868 264 2930 tuno
284 2865 496 2930 esurientibus
521 2864 646 2943 decidit,
669 2867 714 2931 ita
731 2885 813 2932 nunc
831 2864 1033 2934 uescentibus
1052 2863 1161 2928 creuit.
1184 2861 1305 2928 cunctis

140 2986 167 3026 2⁵
185 2969 266 3036 dono
290 2989 347 3035 suo
372 2970 482 3054 epulae
505 2971 698 3036 auctioribus
720 2973 853 3037 maiores
875 2972 1003 3043 fuerunt
1024 2970 1103 3034 cibis
1126 2986 1219 3053 quam
1240 2965 1306 3031 fne-
1337 3036 1339 3040 ,

185 3077 255 3140 rant
284 3075 401 3141 inlatae
433 3075 601 3142 conuiuiis.
642 3076 785 3153 desertis,
816 3078 953 3160 inquam,
985 3074 1117 3141 desertis
1147 3077 1306 3139 tantorum

184 3199 266 3246 nunc
293 3181 452 3264 signorum
482 3195 593 3247 cansas'
620 3181 750 3258 demus3
778 3182 889 3247 uirtus¹
905 3180 1079 3263 potentiam
1105 3179 1305 3264 declarasset,

184 3286 211 3350 si
234 3285 399 3351 habuisset
420 3286 511 3351 locus
534 3287 691 3370 copiam..

272 3475 302 3527 11
324 3473 432 3540 (natan.
450 3475 477 3538 4,
497 3475 541 3540 11)
597 3474 754 3543 loquare.
776 3475 819 3542 11)

218 3597 360 3666 lspiritui
383 3601 474 3652 sancto
498 3597 655 3666 suggerenti
672 3596 760 3652 EFH
827 3597 972 3652 bitumini
989 3598 1018 3653 Ε
1086 3599 1158 3667 prins
1180 3616 1232 3656 om.
1250 3599 1308 3654 ΕΕ

183 3684 325 3739 3deserta
342 3685 376 3738 H
425 3686 621 3755 dpurgaturus
640 3684 762 3739 ablueret
778 3684 806 3740 H
859 3686 923 3739 det
939 3701 989 3741 orn.
1008 3685 1096 3740 ΕΕΗ
1146 3703 1234 3742 arnone
1247 3685 1309 3740 ΕΗ

182 3773 472 3843 &libero-erroribus
490 3790 540 3828 ora.
553 3773 587 3827 H
638 3775 669 3828 11
690 3773 972 3845 circumstrepentibus
985 3772 1043 3830 HF
1093 3774 1125 3828 12
1143 3776 1304 3830 tacite-re·

182 3862 276 3916 nectus
290 3876 339 3915 om.
353 3861 388 3916 H
440 3861 473 3916 13
490 3861 544 3920 iam
562 3877 612 3916 om.
626 3861 660 3915 H
728 3862 841 3917 caeloH
893 3863 924 3918 15
943 3863 1083 3932 antiquum
1097 3862 1131 3916 Η
1180 3862 1304 3917 ibadam

181 3964 233 4005 om.
252 3948 286 4003 H
320 3949 352 4003 17
370 3949 474 4005 uixerat
490 3948 525 4003 H
564 3951 596 4004 19
614 3950 660 4004 ille
678 3950 752 4004 lorus
770 3949 830 4005 ΕΗ
867 3951 902 4005 22
919 3951 991 4004 iesns
1009 3966 1071 4004 suos
1089 3949 1142 4004 HF
1182 3951 1216 4005 24
1229 3952 1304 4021 tunc]

182 4036 290 4092 nuncR
341 4038 548 4097 ita-conuiuiis
562 4055 613 4093 orn.
626 4037 653 4092 R
707 4042 827 4108 comptas
842 4038 939 4093 daunna
956 4055 1004 4092 sua
1022 4038 1107 4108 epulis
1126 4038 1304 4093 anterioribus

182 4124 283 4178 maiora
299 4124 409 4179 fuerunt
425 4124 486 4188 ER
533 4124 568 4178 26
585 4125 658 4180 latae
676 4125 710 4178 H
