2902 4636
480 272 820 338 *Instructiouum
843 271 907 333 lib.
929 271 953 340 Ι,
1235 230 1303 339 135.
1339 303 1341 306 >

172 466 342 531 sarritatum
370 470 403 531 et
420 466 618 531 ‚diuersarum
648 466 848 549 perceptione
878 464 1059 554 linguarum
1089 467 1176 530 iuxta
1206 466 1297 544 illud,

172 573 254 654 quod
283 572 398 644 eisdem
428 573 537 639 eodem
565 571 614 636 die
641 571 831 655 promissum
862 572 976 649 iuerat,
1002 581 1041 637 ut
1065 571 1298 654 baptizarentur

173 678 282 761 spiritu
306 682 412 743 sancto
437 682 470 743 et
490 679 694 744 induerentur
720 678 839 748 uirtute
866 695 935 759 qua,
956 677 1156 761 euangelium
1180 665 1298 743 Christi

172 784 329 849 uniuersis
351 785 475 867 possint
498 784 645 870 gentibus
667 783 855 868 praedicare.
878 784 911 847 iu
928 783 986 849 hac
1005 803 1079 867 ergo
1097 783 1297 868 perceptione

145 890 273 955 usancti
303 890 433 974 spiritus
469 891 642 956 seeundum
679 890 852 956 dominicae
889 890 1006 974 gratiae
1043 888 1297 955 distributionem

173 997 386 1078 apostolomm
431 996 662 1061 demonstretur
705 991 874 1078 proiectus,
915 1014 977 1061 nou
1018 994 1298 1079 compugnantium

174 1103 339 1168 diuersitas
362 1104 596 1187 scripturarum.
620 1107 652 1168 et
674 1088 775 1182 aliter,
799 1122 892 1186 quere
914 1102 963 1187 bis
987 1102 1080 1167 datus
1100 1101 1146 1167 sit
1167 1101 1297 1184 spiritus

173 1211 310 1287 sanctus,
339 1210 461 1294 egregie
488 1209 615 1292 quidam
643 1209 755 1274 doctor
774 1208 923 1293 exposuit.
941 1206 1047 1287 dicens
1068 1208 1181 1300 daeo,
1204 1227 1297 1290 quem
1367 1215 1369 1218 ⁴

137 1365 139 1371 .
173 1315 309 1396 primum
334 1314 387 1378 hio
414 1313 553 1378 saluatur
578 1333 634 1396 per
656 1332 689 1378 se
713 1313 818 1396 ipsum
836 1313 929 1379 dedit
950 1315 984 1378 et
1005 1313 1042 1377 de
1066 1313 1166 1379 caelin
1188 1315 1297 1396 postea

137 1420 269 1497 iomisit,
292 1423 329 1483 ut
351 1419 579 1503 significaretur
605 1418 731 1483 dilectio
758 1418 891 1502 proximi
918 1421 950 1485 et
976 1418 1103 1484 dilectio
1132 1417 1194 1498 dei,
1213 1431 1297 1502 ,quae

170 1511 201 1590 in
230 1524 376 1613 cordibus
404 1528 583 1597 sauotomm
606 1525 830 1609 perspiritum
858 1529 1003 1590 sanctum
1027 1524 1211 1589 diffunditur
1242 1523 1296 1606 qui

172 1631 263 1696 datus
287 1635 337 1696 est
359 1632 415 1697 eis.

212 1737 270 1802 III.
297 1738 343 1801 hd
366 1737 644 1817 euangelizandum
677 1737 727 1802 dei
757 1737 890 1807 uerbum
932 1736 986 1820 qui
1018 1737 1158 1821 apostoli
1180 1737 1296 1820 quibus

170 1861 239 1907 sese
263 1842 345 1907 orbis
367 1843 509 1925 partibus
531 1843 729 1911 intulerunt?¹

133 1965 155 2006 n
215 1946 374 2027 Quantum
400 1952 503 2014 namet
530 1948 671 2027 historia,
694 1948 955 2013 Bartholomaeus
977 1948 1009 2012 iu
1032 1949 1138 2027 Indos,
1161 1948 1296 2015 Thomas

170 2054 304 2118 tetendit
338 2054 370 2118 in
406 2054 549 2133 Parthos,
577 2054 759 2119 Matthaeus
786 2054 968 2137 Aethiopes,
996 2056 1137 2121 Andreas
1164 2055 1297 2140 Scythas

169 2159 401 2248 praedicatione
427 2160 575 2238 molliuit,
602 2160 756 2224 Iohannes
781 2160 888 2224 Asiam
916 2158 1023 2225 diuino
1056 2179 1197 2226 sermone
1231 2181 1297 2228 cor·

168 2266 256 2344 rexit,
280 2267 393 2342 Petrus
418 2265 647 2348 Cappadociam
669 2269 762 2350 atque
787 2265 953 2344 Galatiam,
977 2266 1159 2350 Bithyniam
1181 2266 1298 2350 puriter

138 2419 139 2422 ,
170 2374 202 2436 et
221 2370 369 2436 'Pontum
401 2371 639 2455 prouinciasque
672 2371 818 2454 confines,
851 2372 932 2436 dum*
956 2371 1082 2437 Iudaeis
1114 2373 1296 2456 praedicans

132 2492 154 2532 so
170 2476 306 2556 cirumit,
333 2481 492 2559 postremo
519 2477 652 2541 Romam
677 2476 903 2542 inlustraturus
930 2478 1074 2543 accessit.
1111 2478 1230 2545 Paulus
1257 2481 1295 2546 ab

169 2582 369 2648 Hierusalem
396 2602 496 2666 usque
524 2582 686 2666 Illyricum
714 2600 786 2647 cum
814 2583 978 2668 euangelio
1004 2584 1203 2669 replenisset,
1230 2568 1297 2651 tam

167 2689 347 2754 innumeras
379 2709 415 2753 ac
447 2689 587 2772 dispares
619 2689 760 2753 nationes
791 2689 967 2774 praeceptis
1002 2691 1164 2774 tamquam
1201 2686 1300 2757 armis

168 2794 270 2860 uictor·
292 2795 440 2862 edomuit.

211 2900 281 2964 IIll⁴
317 2899 396 2964 Cum
418 2901 451 2965 in
475 2894 598 2965 actibus
631 2902 845 2983 apostolorum
876 2901 1013 2986 primum
1043 2904 1183 2986 legatur:
1216 2902 1297 2968 uiri

129 3010 299 3071 arautem
320 3006 806 3088 quicomitabauturoum
825 3025 880 3085 eo,
902 3006 963 3072 hoc
982 3009 1032 3072 est
1049 3026 1122 3072 cunr
1141 3011 1295 3092 apostolo,

168 3111 332 3176 stabant
356 3114 582 3194 stupentes,
602 3111 815 3198 audientes
834 3111 994 3195 quidam
1013 3131 1160 3192 uocem,
1180 3114 1296 3180 nemi-

168 3237 251 3289 nem
280 3222 411 3283 autem
439 3217 639 3294 uidentes,
669 3236 730 3300 quo
758 3217 851 3290 modo
879 3222 991 3301 postea
1014 3220 1177 3302 apostolus
1201 3220 1294 3286 dicit:

167 3327 206 3388 et
238 3325 304 3406 qui
335 3343 483 3395 meeum
515 3328 628 3413 erant
653 3325 785 3388 lumen
814 3324 972 3407 quide-m
1001 3324 1203 3406 uiderunt,
1232 3346 1294 3393 uo-

254 3530 360 3600 amu.
381 3532 405 3599 1,
423 3532 451 3601 a)
507 3531 537 3585 rr
558 3531 636 3601 (nom
664 3532 689 3594 o,
709 3532 737 3599 s)
792 3531 824 3584 21
845 3531 932 3599 (uem.
953 3533 994 3596 15,
1015 3532 1058 3600 19)
1113 3529 1292 3599 aaronque

166 3618 202 3673 aa
220 3617 257 3674 ru.
275 3618 355 3685 auo

132 3770 134 3774 “
199 3760 310 3838 Ζοίεᾶο
327 3760 385 3814 PV
424 3752 425 3756 ’
471 3761 504 3816 13
523 3760 725 3832 qui-edomuit
742 3762 922 3816 inueniuntur
938 3762 1009 3817 irrS
1097 3762 1160 3832 quia
1177 3761 1294 3832 apostoli

166 3861 225 3902 eece
248 3847 320 3924 orbis
341 3848 464 3919 partibus
486 3850 639 3904 intulerunt
659 3851 688 3905 P
758 3851 791 3905 15
814 3849 1016 3906 bartholomeus
1033 3849 1118 3905 PAV
1186 3850 1220 3906 16
1240 3851 1292 3905 sci·

165 3936 274 4041 fliius
291 3941 379 4007 scytes
398 3939 457 3993 AV
543 3939 576 3994 17
594 3937 744 3996 moliuitS
812 3939 845 3994 18
859 3938 999 4010 bytyniam
1012 3939 1071 3994 AV
1086 3938 1295 3995 helthoniamS

153 4026 244 4122 pater
261 4052 288 4105 P
367 4049 399 4107 19
418 4052 529 4108 confluis
547 4054 575 4108 P
652 4053 688 4109 20
705 4054 805 4109 olrcuit·
818 4052 872 4109 sV
944 4054 976 4108 21
994 4053 1122 4109 illiricum
1140 4052 1174 4109 S
1232 4069 1291 4108 cum

165 4181 216 4221 om.
235 4165 360 4235 Stupro
378 4167 427 4222 lin.
445 4167 473 4221 P
542 4166 755 4240 repliuicflsitd
805 4169 840 4222 22
857 4134 972 4223 itimaros
990 4169 1018 4223 P
1087 4167 1212 4248 desperes
1230 4168 1258 4222 P
