2902 4636
514 269 825 324 Instructiouum
848 268 912 325 lib.
935 267 972 328 Π.
1243 272 1304 336 157

185 468 271 551 rupte
298 467 419 550 legunt.
455 463 590 530 Melctes
617 463 649 528 iu
676 462 856 548 Regnorum
883 463 975 546 pellis
1003 463 1134 548 simplex
1157 483 1219 547 qua
1240 483 1305 529 mo·

185 572 272 638 nachi
294 569 443 656 Aegyptii
465 570 562 635 etiam
585 587 668 634 nunc
691 572 823 634 utuntur
854 588 890 634 ex
912 589 974 635 uno
997 570 1093 634 latera
1117 569 1304 651 dependens.

185 678 377 744 Theristrum
408 675 440 739 in
469 674 585 741 Genesi
617 674 700 757 apud
729 674 848 740 Arabes
881 693 980 759 genus
1011 669 1101 757 pallii
1131 674 1305 740 muliebris.

124 786 126 788 ’
184 782 402 850 Periscellidae
438 780 469 845 in
510 780 622 858 Esaia,
659 782 696 845 ut
732 780 859 864 quidam
897 780 1014 859 dicunt,
1048 780 1135 863 'apud
1175 780 1306 845 feminas

159 908 307 956 acturum
330 890 520 954 ornamenta.

418 1095 472 1149 DE
495 1094 647 1150 AUIBUS
670 1093 749 1149 ΗΕΒ
772 1093 1065 1150 UOLATILIBUS.

224 1205 391 1270 Palicanus
424 1204 492 1269 auis
523 1222 621 1287 parua
652 1222 731 1287 quac
763 1202 933 1268 solitudine
965 1202 1153 1278 delectatum
1193 1206 1242 1267 est
1274 1203 1306 1267 et

183 1311 267 1376 aliud
298 1310 513 1393 pelicanorum
544 1328 644 1394 genus
666 1309 699 1374 iu
721 1307 793 1374 Nilo
826 1327 923 1390 paene
957 1308 1066 1395 cygnis
1098 1307 1211 1384 simile,
1243 1307 1305 1372 nisi

183 1416 266 1500 quod
291 1417 385 1499 paulo
413 1416 546 1481 maiores
574 1417 657 1492 sunt,
686 1414 812 1498 quidam
834 1414 880 1479 ita
903 1416 936 1480 et
957 1415 1153 1479 onocrotalos
1180 1415 1304 1479 uocant.

145 1545 167 1586 ιο
181 1522 367 1607 Nycticorax
403 1523 528 1600 noctua,
557 1521 651 1585 multi
685 1520 843 1587 bubonem
880 1538 949 1585 esse
987 1519 1194 1594 contendunt;
1233 1521 1308 1585 sunt

183 1628 276 1692 etiam
308 1626 363 1711 qui
394 1626 543 1692 adserunt
573 1643 642 1690 asse
676 1625 859 1690 orientalem
890 1643 982 1688 auem
1018 1642 1098 1706 quae
1133 1627 1303 1689 nocturnus

182 1751 296 1799 coruus
323 1732 509 1816 appelletur.
541 1731 606 1796 lbis
629 1730 660 1795 in
683 1730 896 1795 Pentateucho
929 1729 998 1795 auis
1021 1729 1177 1814 Aegyptia
1198 1729 1304 1793 obsce

180 1838 279 1902 nitate
303 1837 364 1902 oris
387 1836 538 1901 inmunda
556 1854 617 1920 quo
636 1837 744 1900 aluum
767 1853 900 1920 purgare
923 1834 1097 1902 consueuit.
1120 1834 1255 1899 hrodius
1273 1833 1304 1899 in

179 1945 300 2026 psalmo
333 1942 426 2008 ardea
456 1960 474 2006 a
505 1941 692 2025 quibusdam
727 1942 866 2024 putatur.
890 1940 988 2006 Larus
1025 1939 1058 2005 in
1088 1939 1303 2006 Pentateucho

144 2078 165 2115 a
182 2049 306 2133 gauiam
334 2047 501 2132 significat.
539 2046 728 2131 coenomyia
749 2065 811 2111 non
833 2064 944 2112 musca
975 2046 1093 2124 canina,
1116 2049 1153 2111 ut
1179 2044 1304 2128 quidam

180 2155 303 2236 putant,
335 2153 367 2217 in
398 2153 520 2236 psalmo
553 2151 733 2235 accipienda
765 2153 823 2230 est,
847 2151 902 2216 sed
933 2170 1043 2217 musca
1069 2150 1247 2217 omnimoda
1273 2152 1305 2215 et

179 2258 249 2324 ideo
272 2276 334 2323 non
352 2277 408 2340 per
424 2279 446 2340 p
465 2257 614 2324 Graecam
631 2258 780 2335 litteram,
800 2256 856 2322 sed
874 2275 929 2340 per
947 2256 1141 2340 diphtongon
1159 2276 1192 2320 oc
1209 2255 1304 2321 scribi

180 2364 283 2431 debet.
308 2363 472 2447 Sciniphes
495 2363 633 2429 culicum
656 2382 756 2447 genus
780 2366 830 2427 est
852 2362 969 2427 aculeis
992 2363 1228 2444 permolestum.

425 2568 478 2623 DE
500 2568 662 2625 ansulis
685 2568 762 2623 UEL
785 2566 1057 2622 REPENTIBUS.

225 2677 397 2742 Itinoceron
430 2676 496 2741 fera
520 2675 668 2741 terribilis
690 2674 815 2760 gemina
830 2675 863 2739 in
881 2674 1007 2740 naribus
1029 2677 1157 2760 gestans
1180 2693 1303 2739 cornua.

181 2783 368 2849 Monoceron
399 2783 431 2846 in
462 2783 585 2865 psalmo
621 2781 778 2847 unicornis
815 2781 998 2864 appellatur.
1026 2780 1240 2865 Tragalaphus
1270 2780 1302 2843 in

181 2887 424 2954 Deuteronomio
464 2888 655 2971 platoceros,
691 2886 724 2950 id
770 2890 819 2952 eat
855 2887 1000 2952 cornibus
1036 2887 1120 2953 latis.
1162 2885 1303 2951 Erinacoi

216 3128 230 3182 1
248 3125 356 3180 melotis
375 3127 402 3178 A
510 3125 654 3197 Gunam
674 3124 698 3181 S
800 3127 816 3180 2
836 3125 934 3180 aetiam
953 3125 976 3180 S
1074 3125 1090 3179 3
1109 3124 1263 3180 theristrum
1281 3123 1305 3177 S

181 3230 265 3284 genna
284 3213 328 3280 (tn
345 3216 442 3282 marg.)
461 3213 489 3266 P
564 3213 647 3283 pallei
664 3212 689 3268 S
772 3217 791 3268 4
809 3214 908 3267 esaiam
926 3213 949 3268 S
1036 3215 1069 3267 ut
1087 3210 1194 3281 quidam
1212 3228 1263 3266 ora.
1281 3210 1306 3265 S

182 3301 197 3354 6
214 3301 329 3370 habibus
346 3300 501 3355 uolantibus
519 3300 543 3354 S
576 3302 591 3355 7
610 3301 752 3372 pelecauaa
771 3299 820 3355 SG
874 3299 1096 3355 sollitudinemS
1127 3298 1145 3353 8
1162 3300 1301 3370 pelecauo·

181 3415 280 3471 rumS
330 3416 417 3486 cignis
436 3414 459 3469 S
475 3415 593 3490 cigniV
636 3415 910 3471 tonocrhotallosS
953 3415 986 3470 10
1003 3381 1189 3470 nicticoraxS
1244 3431 1301 3469 asae

181 3519 231 3560 om.
249 3505 277 3558 P
342 3505 373 3558 11
393 3506 524 3559 nocturna
543 3504 607 3572 (sic)
627 3504 653 3556 P
717 3503 750 3558 12
768 3503 961 3574 appellaturS
1028 3503 1141 3558 hibisS
1208 3505 1302 3573 penta·

180 3591 276 3646 thence
286 3590 311 3645 S
320 3591 498 3661 pentathaoeo
512 3590 570 3644 AV
616 3591 649 3644 15
664 3590 801 3645 coenomia
814 3590 891 3645 SGA
905 3592 1043 3644 coenomia
1060 3590 1087 3643 V
1154 3607 1207 3644 non
1220 3589 1304 3645 om.S

182 3679 215 3733 16
233 3678 317 3733 salmo
335 3679 363 3732 P
450 3677 630 3748 accipiendam
650 3694 706 3732 esse
725 3678 748 3732 S
818 3679 850 3732 17
870 3678 1018 3749 diptongon
1037 3678 1061 3733 S
1081 3678 1256 3749 dyphtongon
1279 3677 1305 3730 V

182 3765 331 3837 dipthogou
342 3768 370 3821 A
439 3767 482 3819 ioe
496 3766 520 3820 S
536 3766 562 3819 oi
575 3767 603 3820 P
655 3767 687 3820 18
699 3765 796 3820 seniles
810 3767 838 3820 P
854 3765 963 3820 scinifes
977 3763 1004 3821 A
1057 3766 1081 3821 is
1098 3766 1125 3819 V
1140 3765 1266 3822 schiniiea
1281 3765 1304 3819 S

183 3854 292 3909 sciniiex
313 3853 338 3909 G
431 3854 466 3909 20
484 3854 640 3909 rhinoceron
658 3853 717 3908 AV
730 3854 888 3909 rinocheron
907 3854 932 3909 S
1033 3855 1065 3908 21
1085 3853 1262 3908 monocheron
1281 3853 1304 3907 S

182 3943 323 3997 unicornen
341 3941 365 3996 S
432 3941 579 4012 tragelafus
596 3940 730 3996 PSGAV
785 3942 819 3998 22
839 3942 1059 3997 deutheronomio
1078 3941 1102 3996 S
1169 3941 1301 4047 platocer-

181 4073 230 4111 aus
248 4056 271 4112 S
286 4056 437 4127 platoceros
456 4056 514 4110 AV
533 4055 654 4128 plotollll
672 4057 700 4110 P
786 4057 814 4110 id
838 4058 977 4112 est-latis
1000 4074 1050 4113 om.
1069 4057 1097 4111 P
1183 4057 1259 4110 uacei
1276 4057 1304 4112 P

181 4143 314 4199 herinacei
334 4140 418 4199 GAV
434 4144 561 4198 arinachii
578 4144 601 4198 S
