2902 4636
204 263 265 326 180
504 259 529 313 S.
557 257 744 314 Eucherii
767 257 1044 329 Lugdunensis

200 450 419 534 resplendente
452 450 574 516 eminus
607 449 701 514 deum
732 451 806 535 igne
838 451 920 516 uidit
949 451 1098 529 innocuo,
1134 471 1192 518 uec
1229 456 1333 520 solum

201 557 292 635 uidit
315 575 426 621 uerum
449 556 544 621 etiam
573 555 696 626 audiuit
722 558 914 639 loquentem.
938 577 1048 641 nempe
1076 561 1153 624 tunc
1175 558 1333 637 dominus,

201 681 274 729 cum
297 662 379 727 abici
400 662 518 746 pedum
541 661 667 726 uincula
681 667 902 741 commoneret,
921 665 1062 729 sanctam
1081 663 1199 729 heremi
1217 667 1333 730 terram
1357 686 1358 689 ¹

202 767 420 861 pronuntiauit
438 767 562 832 dicens:
585 767 701 834 locus
720 768 762 833 'in
787 787 861 851 quo
884 771 927 832 tu
951 770 1035 834 stas
1063 772 1171 834 terra
1193 776 1335 837 sancta

202 877 279 950 est3
303 873 471 938 manifesto
490 877 568 938 tunc
585 873 700 939 indicio
718 874 869 939 meritum
888 874 1006 939 occulti
1024 875 1151 940 honoris
1170 877 1333 958 expressit.
1364 899 1378 941 s

202 978 385 1045 confirmata
412 979 529 1062 quippe
557 981 607 1044 est
634 998 653 1044 a
679 978 736 1045 deo
766 980 919 1046 sauctitas
946 980 1010 1046 loci
1041 982 1207 1047 sanctitate
1239 983 1335 1048 etiam

203 1085 390 1163 testimonii,
422 1085 454 1149 in
486 1103 559 1168 quo,
592 1088 629 1149 ut
659 1104 739 1163 reor
772 1085 869 1151 etiarn
895 1084 976 1150 illud
1001 1086 1118 1170 paritor
1144 1089 1177 1153 et
1201 1088 1337 1155 latenter

203 1191 355 1269 enuntiat,
380 1194 417 1257 t
440 1190 591 1256 accedeus
615 1191 654 1256 ad
681 1192 842 1256 heremum
870 1192 1014 1275 pristinis
1043 1211 1188 1258 curarum
1216 1193 1334 1278 obliga-

202 1296 417 1363 tionibust
366 1297 417 1362 uit
419 1317 453 1362 ae
477 1317 511 1362 se
535 1298 724 1363 absoluate
726 1299 977 1363 lanterioribus
1005 1299 1143 1365 uinculis
1171 1300 1336 1382 expeditus

202 1403 337 1482 incedat
314 1407 400 1468 tne
423 1404 545 1469 locum
553 1404 685 1487 polluat.
661 1404 753 1469 tibi
774 1405 912 1488 primum
930 1404 1038 1471 Moses
1062 1404 1162 1470 diuini
1185 1405 1336 1487 colloquii
1351 1431 1376 1471 ιι

202 1511 365 1575 familiaris
390 1509 519 1575 adhibet
504 1512 559 1574 tur
579 1509 628 1574 int
630 1529 745 1594 erp1·‚es
765 1511 881 1593 recipit
897 1511 996 1576 uerba
1013 1529 1050 1577 ac
1067 1509 1211 1576 uicissim
1228 1512 1335 1590 refert,

203 1615 335 1681 dicenda
352 1615 515 1700 agendaue
534 1635 550 1680 e
553 1602 807 1699 tpercunctatur
823 1616 940 1699 pariter
959 1619 991 1682 et
976 1616 1148 1694 tdocetur‚
1168 1636 1205 1682 ac
1223 1620 1336 1683 mutuo

203 1721 468 1788 confabulationis
497 1721 582 1786 usita
564 1725 678 1805 atoque
707 1722 894 1788 commercio
924 1741 996 1788 cum
1020 1722 1099 1788 caeli
1123 1723 1249 1788 domiuo
1274 1743 1337 1789 ser·

204 1828 390 1895 mocinatur.
428 1827 474 1892 ibi
495 1827 621 1912 uirgam
643 1827 778 1893 resumit
799 1827 831 1892 in
862 1847 959 1910 opera
986 1827 1147 1912 signomm
1174 1831 1333 1910 potentem

203 1933 431 2015 ingressusque
453 1933 616 1996 heremum
639 1935 746 2015 pastor
769 1933 878 1999 ouium
900 1938 1010 2016 pastor
1028 1934 1066 1997 ab
1085 1918 1211 1999 h'eremo
1229 1935 1378 2001 remitis

203 2040 282 2103 titur
304 2035 502 2121 populorum.

249 2147 279 2210 8.
305 2143 388 2224 Quid
412 2144 524 2209 deinde
546 2144 636 2228 plebs
661 2144 711 2209 dei
734 2145 773 2210 ab
791 2145 936 2229 Aegypto
959 2145 1119 2210 liberanda
1137 2148 1169 2210 et
1186 2147 1334 2229 operibus

207 2251 402 2317 absolueuda
424 2249 556 2316 terrenis
579 2250 733 2332 numquid
761 2269 821 2315 non
850 2250 922 2315 auia
947 2251 1041 2334 petiit
1072 2252 1111 2316 ad
1135 2251 1335 2318 solitudines·

206 2376 266 2441 que
282 2356 426 2440 confugit
440 2355 727 2440 adpropinquatura
739 2355 772 2419 in
785 2354 912 2421 heremo
927 2355 1036 2439 utique
1052 2356 1110 2422 deo
1126 2374 1144 2420 a
1158 2375 1219 2439 quo
1233 2358 1337 2423 luerat

205 2467 347 2546 exempta
375 2463 531 2529 seruitio?
563 2461 714 2526 tendebat
740 2461 840 2546 igitur
867 2461 907 2526 ad
934 2462 1097 2527 heremum
1122 2462 1215 2547 longe
1237 2463 1335 2528 uasti·
1352 2490 1379 2532 ιι

203 2573 268 2635 tate
291 2569 462 2634 terribilem
479 2569 570 2632 Mose
587 2566 676 2632 duce.
696 2586 803 2650 quam
826 2586 960 2651 magna
981 2567 1189 2632 multitudo
1213 2566 1336 2632 dulce·

206 2676 337 2741 dinist
341 2694 419 2752 uae,
439 2673 605 2738 domine!
620 2673 804 2737 heremum
795 2691 958 2757 mgressus
971 2673 1079 2740 Moses
1094 2672 1188 2737 deum
1202 2672 1338 2739 uiderat

206 2802 251 2847 en
266 2800 374 2847 rursus
402 2778 547 2845 reditut
533 2778 692 2843 tuideat.
729 2779 799 2862 ipse
825 2779 918 2861 plane
947 2779 1008 2843 dun
1034 2779 1157 2844 itineris
1183 2778 1336 2863 populum

207 2907 300 2952 suum
325 2885 470 2951 dominus
494 2883 533 2947 ad
561 2882 685 2948 deserta
713 2883 856 2960 ducebat
834 2884 917 2947 tin
945 2903 1038 2949 usum
1066 2883 1230 2967 utriusque
1257 2885 1338 2948 tem·

205 2994 291 3077 pon's
327 2989 488 3056 uiantibus
515 2990 641 3055 trahens
674 2989 867 3067 columnam,
900 3009 982 3056 nunc
1013 2990 1177 3055 rubentem
1199 2989 1337 3068 flamma,
1354 3021 1379 3060 as

206 3117 288 3164 nunc
310 3097 394 3162 nube
418 3096 614 3160 candentem.
652 3095 747 3160 dabat
767 3095 813 3159 ita
834 3098 912 3161 tunc
938 3095 1186 3178 promerentibus
1210 3114 1226 3160 e
1249 3096 1336 3161 caelo

207 3206 344 3290 signum,
369 3202 453 3285 quod
474 3203 578 3268 lactea
599 3202 683 3268 mole
705 3205 883 3284 porrectum
907 3202 1035 3268 alternis
1057 3200 1231 3279 irradiabat
1248 3200 1337 3266 ardo·

206 3312 304 3377 ribus.
323 3310 438 3375 intuito
453 3309 574 3374 Israhel
587 3307 705 3374 lumine
722 3309 913 3391 sequebatur
925 3308 1047 3374 radium
1062 3327 1192 3375 corusco
1212 3307 1338 3373 eminus

295 3549 376 3606 5131.
395 3550 420 3613 3,
440 3549 464 3602 5.
521 3549 553 3602 19
574 3548 630 3613 (Ex.
651 3547 704 3613 14‚)
759 3547 791 3601 21
812 3547 856 3602 Ps.
876 3547 919 3612 30,
938 3548 973 3602 20

246 3709 396 3762 linnucuo
414 3707 444 3760 E
496 3706 629 3761 siudicio
648 3705 737 3760 EFH
788 3705 905 3761 debiam
923 3721 974 3761 om.
992 3694 1051 3760 EF
1101 3706 1217 3761 ‘letiam
1235 3721 1287 3761 om.
1305 3707 1341 3760 H

208 3797 318 3868 pariter]
336 3796 418 3850 tacite
436 3794 470 3849 H
511 3793 681 3864 Benuntiat]
700 3795 831 3849 essentiat
848 3795 875 3850 R
920 3796 1001 3866 lise]
1014 3811 1121 3866 gressus
1139 3793 1199 3850 HR
1243 3796 1277 3849 15
1295 3811 1339 3850 re·

207 3885 324 3941 uertitur
335 3883 393 3938 EF
444 3883 476 3938 18
494 3883 570 3937 inuia
583 3882 617 3936 H
664 3883 697 3937 19
715 3883 742 3936 ιιι
761 3883 868 3937 heremo
886 3883 982 3953 utique
1000 3883 1226 3954 appropingnauit
1244 3883 1293 3938 deo
1306 3883 1340 3936 H

209 3975 243 4029 20
262 3973 396 4028 desertum
414 3971 501 4027 EFH
586 3971 621 4024 23
639 3969 710 4025 redit
726 3988 818 4026 rursus
835 3971 866 4026 E
886 3987 920 4026 en
941 3970 1013 4026 redit
1031 3971 1176 4026 utiterum
1194 3971 1289 4026 uideat
1305 3971 1340 4026 H

210 4062 244 4116 25
261 4059 371 4114 trahens
389 4058 527 4114 cientibus
544 4058 602 4113 EF
664 4059 699 4113 26
716 4059 810 4128 itaque
827 4059 861 4113 Η
930 4074 1013 4114 eom.
1031 4059 1089 4114 EF
1156 4060 1190 4113 27
1208 4059 1292 4114 moles
1309 4060 1343 4114 E

209 4148 333 4204 radiabat
349 4148 380 4203 F
429 4148 464 4203 28
482 4147 593 4216 intuito]
612 4147 717 4202 intento
736 4147 824 4202 EFH
