<?xml version="1.0" encoding="UTF-8"?>
<!DOCTYPE html PUBLIC "-//W3C//DTD XHTML 1.0 Transitional//EN"
    "http://www.w3.org/TR/xhtml1/DTD/xhtml1-transitional.dtd">
<html xmlns="http://www.w3.org/1999/xhtml" xml:lang="en" lang="en">
 <head>
  <title>
</title>
<meta http-equiv="Content-Type" content="text/html;charset=utf-8" />
  <meta name='ocr-system' content='tesseract 3.04.00' />
  <meta name='ocr-capabilities' content='ocr_page ocr_carea ocr_par ocr_line ocrx_word'/>
</head>
<body>
  <div class='ocr_page' id='page_1' title='image "./sanctievcheriil00wotkgoog_0026.png"; bbox 0 0 2902 4636; ppageno 0'>
   <div class='ocr_carea' id='block_1_1' title="bbox 577 245 1305 315">
    <p class='ocr_par' dir='ltr' id='par_1_1' title="bbox 577 245 1305 315">
     <span class='ocr_line' id='line_1_1' title="bbox 577 245 1305 315; baseline -0.003 -15"><span class='ocrx_word' id='word_1_1' title='bbox 577 245 791 300; x_wconf 84' lang='lat' dir='ltr'>Praefatio.</span> <span class='ocrx_word' id='word_1_2' title='bbox 1154 249 1244 315; x_wconf 81' lang='lat' dir='ltr'>XVII</span> <span class='ocrx_word' id='word_1_3' title='bbox 1303 294 1305 298; x_wconf 79' lang='grc'>,</span> 
     </span>
    </p>
   </div>
   <div class='ocr_carea' id='block_1_2' title="bbox 93 438 1382 2008">
    <p class='ocr_par' dir='ltr' id='par_1_2' title="bbox 93 438 1382 1563">
     <span class='ocr_line' id='line_1_2' title="bbox 94 438 1347 525; baseline 0.001 -21"><span class='ocrx_word' id='word_1_4' title='bbox 94 441 244 525; x_wconf 59' lang='lat' dir='ltr'>„Isidore</span> <span class='ocrx_word' id='word_1_5' title='bbox 277 439 454 523; x_wconf 75' lang='lat' dir='ltr'>synonyma</span> <span class='ocrx_word' id='word_1_6' title='bbox 484 439 537 520; x_wconf 87' lang='lat' dir='ltr'>(ll,</span> <span class='ocrx_word' id='word_1_7' title='bbox 566 438 732 525; x_wconf 85' lang='lat'>50-103)</span> <span class='ocrx_word' id='word_1_8' title='bbox 764 440 809 502; x_wconf 91' lang='lat' dir='ltr'>im</span> <span class='ocrx_word' id='word_1_9' title='bbox 835 440 977 524; x_wconf 78' lang='lat' dir='ltr'>Papylus</span> <span class='ocrx_word' id='word_1_10' title='bbox 1008 442 1064 509; x_wconf 88' lang='lat' dir='ltr'>Nr.</span> <span class='ocrx_word' id='word_1_11' title='bbox 1094 443 1157 507; x_wconf 85' lang='grc'>226</span> <span class='ocrx_word' id='word_1_12' title='bbox 1190 442 1245 506; x_wconf 90' lang='lat' dir='ltr'>der</span> <span class='ocrx_word' id='word_1_13' title='bbox 1345 440 1347 445; x_wconf 82' lang='grc'><strong>’</strong></span> 
     </span>
     <span class='ocr_line' id='line_1_3' title="bbox 97 534 1243 630; baseline -0.001 -19"><span class='ocrx_word' id='word_1_14' title='bbox 97 534 387 624; x_wconf 74' lang='lat' dir='ltr'>fstinsoioliothek</span> <span class='ocrx_word' id='word_1_15' title='bbox 409 564 468 609; x_wconf 90' lang='lat' dir='ltr'>von</span> <span class='ocrx_word' id='word_1_16' title='bbox 488 544 533 609; x_wconf 85' lang='lat' dir='ltr'>st.</span> <span class='ocrx_word' id='word_1_17' title='bbox 554 543 686 611; x_wconf 67' lang='lat' dir='ltr'>Gallen.²</span> <span class='ocrx_word' id='word_1_18' title='bbox 701 543 930 630; x_wconf 84' lang='lat' dir='ltr'>(Sitzungsbcr.</span> <span class='ocrx_word' id='word_1_19' title='bbox 951 547 980 611; x_wconf 91' lang='lat' dir='ltr'>d.</span> <span class='ocrx_word' id='word_1_20' title='bbox 999 547 1181 615; x_wconf 85' lang='lat' dir='ltr'>Phil-Hist.</span> <span class='ocrx_word' id='word_1_21' title='bbox 1197 546 1243 612; x_wconf 84' lang='lat' dir='ltr'>cl.</span> 
     </span>
     <span class='ocr_line' id='line_1_4' title="bbox 93 634 1382 738; baseline -0.004 -22"><span class='ocrx_word' id='word_1_22' title='bbox 93 634 148 718; x_wconf 88' lang='grc' dir='ltr'>ἰ.</span> <span class='ocrx_word' id='word_1_23' title='bbox 179 653 211 719; x_wconf 83' lang='grc' dir='ltr'>ι.</span> <span class='ocrx_word' id='word_1_24' title='bbox 242 651 413 728; x_wconf 74' lang='lat' dir='ltr'>masena</span> <span class='ocrx_word' id='word_1_25' title='bbox 450 650 479 716; x_wconf 83' lang='lat' dir='ltr'>a.</span> <span class='ocrx_word' id='word_1_26' title='bbox 511 650 610 717; x_wconf 67' lang='lat' dir='ltr'>wiso.</span> <span class='ocrx_word' id='word_1_27' title='bbox 644 648 799 715; x_wconf 78' lang='lat' dir='ltr'>cxxvii.</span> <span class='ocrx_word' id='word_1_28' title='bbox 838 652 867 719; x_wconf 89' lang='lat'>1.</span> <span class='ocrx_word' id='word_1_29' title='bbox 898 652 1021 738; x_wconf 74' lang='lat' dir='ltr'>notu).</span> <span class='ocrx_word' id='word_1_30' title='bbox 1050 671 1112 736; x_wconf 77' lang='lat' dir='ltr'>quo</span> <span class='ocrx_word' id='word_1_31' title='bbox 1147 653 1245 737; x_wconf 80' lang='lat' dir='ltr'>igitur</span> <span class='ocrx_word' id='word_1_32' title='bbox 1380 707 1382 711; x_wconf 79' lang='grc'>,</span> 
     </span>
     <span class='ocr_line' id='line_1_5' title="bbox 116 756 1244 843; baseline 0.001 -21"><span class='ocrx_word' id='word_1_33' title='bbox 116 757 283 824; x_wconf 81' lang='lat' dir='ltr'>Formulae</span> <span class='ocrx_word' id='word_1_34' title='bbox 296 758 406 822; x_wconf 88' lang='lat' dir='ltr'>fierent</span> <span class='ocrx_word' id='word_1_35' title='bbox 415 756 605 839; x_wconf 81' lang='lat' dir='ltr'>copiosiores</span> <span class='ocrx_word' id='word_1_36' title='bbox 621 759 652 821; x_wconf 85' lang='lat' dir='ltr'>et</span> <span class='ocrx_word' id='word_1_37' title='bbox 665 757 899 839; x_wconf 78' lang='lat' dir='ltr'>locupletiores,</span> <span class='ocrx_word' id='word_1_38' title='bbox 909 759 1053 843; x_wconf 82' lang='lat' dir='ltr'>magistri</span> <span class='ocrx_word' id='word_1_39' title='bbox 1063 759 1244 841; x_wconf 79' lang='lat' dir='ltr'>scribaeque</span> 
     </span>
     <span class='ocr_line' id='line_1_6' title="bbox 116 863 1378 953; baseline 0.001 -24"><span class='ocrx_word' id='word_1_40' title='bbox 116 865 255 947; x_wconf 91' lang='lat' dir='ltr'>undique</span> <span class='ocrx_word' id='word_1_41' title='bbox 287 864 486 928; x_wconf 90' lang='lat' dir='ltr'>contulerunt</span> <span class='ocrx_word' id='word_1_42' title='bbox 527 863 676 945; x_wconf 89' lang='lat' dir='ltr'>quicquid</span> <span class='ocrx_word' id='word_1_43' title='bbox 708 863 753 927; x_wconf 88' lang='lat' dir='ltr'>cis</span> <span class='ocrx_word' id='word_1_44' title='bbox 792 867 902 946; x_wconf 88' lang='lat' dir='ltr'>aptum</span> <span class='ocrx_word' id='word_1_45' title='bbox 937 864 1113 930; x_wconf 89' lang='lat' dir='ltr'>uidebatur.</span> <span class='ocrx_word' id='word_1_46' title='bbox 1151 884 1244 947; x_wconf 90' lang='lat' dir='ltr'>quam</span> <span class='ocrx_word' id='word_1_47' title='bbox 1376 951 1378 953; x_wconf 65' lang='lat'>‚</span> 
     </span>
     <span class='ocr_line' id='line_1_7' title="bbox 118 969 1245 1053; baseline -0.001 -16"><span class='ocrx_word' id='word_1_48' title='bbox 118 972 156 1037; x_wconf 95' lang='lat' dir='ltr'>ob</span> <span class='ocrx_word' id='word_1_49' title='bbox 184 990 250 1034; x_wconf 88' lang='lat' dir='ltr'>rem</span> <span class='ocrx_word' id='word_1_50' title='bbox 273 971 490 1053; x_wconf 88' lang='lat' dir='ltr'>unusquisque</span> <span class='ocrx_word' id='word_1_51' title='bbox 512 970 602 1047; x_wconf 91' lang='lat' dir='ltr'>liber,</span> <span class='ocrx_word' id='word_1_52' title='bbox 635 969 689 1051; x_wconf 92' lang='lat' dir='ltr'>qui</span> <span class='ocrx_word' id='word_1_53' title='bbox 724 970 1016 1052; x_wconf 79' lang='lat' dir='ltr'>interpolationibus</span> <span class='ocrx_word' id='word_1_54' title='bbox 1054 973 1163 1050; x_wconf 87' lang='lat' dir='ltr'>scatet,</span> <span class='ocrx_word' id='word_1_55' title='bbox 1196 973 1245 1036; x_wconf 90' lang='lat' dir='ltr'>est</span> 
     </span>
     <span class='ocr_line' id='line_1_8' title="bbox 109 1075 1245 1160; baseline -0.001 -19"><span class='ocrx_word' id='word_1_56' title='bbox 109 1085 172 1160; x_wconf 66' lang='lat' dir='ltr'>&#39;per</span> <span class='ocrx_word' id='word_1_57' title='bbox 208 1095 241 1141; x_wconf 88' lang='lat' dir='ltr'>se</span> <span class='ocrx_word' id='word_1_58' title='bbox 276 1076 531 1159; x_wconf 87' lang='lat' dir='ltr'>perscrutandus.</span> <span class='ocrx_word' id='word_1_59' title='bbox 563 1076 620 1140; x_wconf 88' lang='lat' dir='ltr'>sed</span> <span class='ocrx_word' id='word_1_60' title='bbox 651 1075 713 1140; x_wconf 90' lang='lat' dir='ltr'>nisi</span> <span class='ocrx_word' id='word_1_61' title='bbox 745 1076 840 1140; x_wconf 89' lang='lat' dir='ltr'>ceteri</span> <span class='ocrx_word' id='word_1_62' title='bbox 870 1080 975 1159; x_wconf 89' lang='lat' dir='ltr'>patres</span> <span class='ocrx_word' id='word_1_63' title='bbox 1007 1078 1134 1142; x_wconf 85' lang='lat' dir='ltr'>fuerunt</span> <span class='ocrx_word' id='word_1_64' title='bbox 1168 1075 1245 1142; x_wconf 91' lang='lat' dir='ltr'>editi</span> 
     </span>
     <span class='ocr_line' id='line_1_9' title="bbox 116 1179 1244 1264; baseline 0 -18"><span class='ocrx_word' id='word_1_65' title='bbox 116 1201 217 1264; x_wconf 89' lang='lat' dir='ltr'>neque</span> <span class='ocrx_word' id='word_1_66' title='bbox 244 1183 388 1245; x_wconf 90' lang='lat' dir='ltr'>accurata</span> <span class='ocrx_word' id='word_1_67' title='bbox 415 1180 594 1245; x_wconf 89' lang='lat' dir='ltr'>scholarum</span> <span class='ocrx_word' id='word_1_68' title='bbox 620 1179 715 1244; x_wconf 90' lang='lat' dir='ltr'>medii</span> <span class='ocrx_word' id='word_1_69' title='bbox 743 1180 813 1244; x_wconf 90' lang='lat' dir='ltr'>aeui</span> <span class='ocrx_word' id='word_1_70' title='bbox 840 1180 972 1245; x_wconf 90' lang='lat' dir='ltr'>historia</span> <span class='ocrx_word' id='word_1_71' title='bbox 1004 1182 1062 1246; x_wconf 88' lang='lat' dir='ltr'>crit</span> <span class='ocrx_word' id='word_1_72' title='bbox 1093 1182 1244 1261; x_wconf 86' lang='lat' dir='ltr'>confecta,</span> 
     </span>
     <span class='ocr_line' id='line_1_10' title="bbox 117 1284 1244 1371; baseline 0.001 -20"><span class='ocrx_word' id='word_1_73' title='bbox 117 1287 207 1351; x_wconf 90' lang='lat' dir='ltr'>cuius</span> <span class='ocrx_word' id='word_1_74' title='bbox 239 1285 424 1367; x_wconf 90' lang='lat' dir='ltr'>disciplinae</span> <span class='ocrx_word' id='word_1_75' title='bbox 454 1285 506 1348; x_wconf 85' lang='lat' dir='ltr'>nir</span> <span class='ocrx_word' id='word_1_76' title='bbox 534 1284 735 1349; x_wconf 87' lang='lat' dir='ltr'>fundamenta</span> <span class='ocrx_word' id='word_1_77' title='bbox 757 1285 861 1368; x_wconf 89' lang='lat' dir='ltr'>posita</span> <span class='ocrx_word' id='word_1_78' title='bbox 893 1288 977 1364; x_wconf 84' lang='lat' dir='ltr'>suut,</span> <span class='ocrx_word' id='word_1_79' title='bbox 1001 1287 1078 1352; x_wconf 91' lang='lat' dir='ltr'>baec</span> <span class='ocrx_word' id='word_1_80' title='bbox 1101 1288 1244 1371; x_wconf 82' lang='lat' dir='ltr'>quaestio</span> 
     </span>
     <span class='ocr_line' id='line_1_11' title="bbox 116 1390 1368 1475; baseline 0.004 -21"><span class='ocrx_word' id='word_1_81' title='bbox 116 1410 267 1456; x_wconf 84' lang='lat' dir='ltr'>successu</span> <span class='ocrx_word' id='word_1_82' title='bbox 294 1393 398 1456; x_wconf 90' lang='lat' dir='ltr'>carcat</span> <span class='ocrx_word' id='word_1_83' title='bbox 422 1409 550 1455; x_wconf 88' lang='lat' dir='ltr'>necesse</span> <span class='ocrx_word' id='word_1_84' title='bbox 574 1393 632 1456; x_wconf 92' lang='lat' dir='ltr'>est.</span> <span class='ocrx_word' id='word_1_85' title='bbox 658 1390 741 1472; x_wconf 92' lang='lat' dir='ltr'>quod</span> <span class='ocrx_word' id='word_1_86' title='bbox 762 1390 904 1475; x_wconf 86' lang='lat' dir='ltr'>theologi</span> <span class='ocrx_word' id='word_1_87' title='bbox 926 1409 987 1456; x_wconf 93' lang='lat' dir='ltr'>non</span> <span class='ocrx_word' id='word_1_88' title='bbox 1011 1392 1159 1457; x_wconf 80' lang='lat' dir='ltr'>Eucherii</span> <span class='ocrx_word' id='word_1_89' title='bbox 1181 1393 1244 1457; x_wconf 92' lang='lat' dir='ltr'>edi·</span> <span class='ocrx_word' id='word_1_90' title='bbox 1367 1456 1368 1459; x_wconf 74' lang='grc'>,</span> 
     </span>
     <span class='ocr_line' id='line_1_12' title="bbox 116 1488 1155 1563; baseline -0.002 -1"><span class='ocrx_word' id='word_1_91' title='bbox 116 1498 193 1563; x_wconf 88' lang='lat' dir='ltr'>toris</span> <span class='ocrx_word' id='word_1_92' title='bbox 216 1517 331 1562; x_wconf 91' lang='lat' dir='ltr'>munus</span> <span class='ocrx_word' id='word_1_93' title='bbox 355 1517 424 1562; x_wconf 91' lang='lat' dir='ltr'>esse</span> <span class='ocrx_word' id='word_1_94' title='bbox 448 1516 553 1562; x_wconf 90' lang='lat' dir='ltr'>omnes</span> <span class='ocrx_word' id='word_1_95' title='bbox 577 1497 783 1563; x_wconf 90' lang='lat' dir='ltr'>consentient.</span> <span class='ocrx_word' id='word_1_96' title='bbox 1153 1488 1155 1491; x_wconf 63' lang='grc'>’</span> 
     </span>
    </p>

    <p class='ocr_par' dir='ltr' id='par_1_3' title="bbox 115 1603 1370 2008">
     <span class='ocr_line' id='line_1_13' title="bbox 161 1603 1244 1688; baseline 0.003 -21"><span class='ocrx_word' id='word_1_97' title='bbox 161 1605 202 1667; x_wconf 89' lang='lat' dir='ltr'>In</span> <span class='ocrx_word' id='word_1_98' title='bbox 240 1604 594 1669; x_wconf 84' lang='lat' dir='ltr'>Instructionibus</span> <span class='ocrx_word' id='word_1_99' title='bbox 625 1603 788 1668; x_wconf 88' lang='lat' dir='ltr'>odendis</span> <span class='ocrx_word' id='word_1_100' title='bbox 816 1623 866 1667; x_wconf 91' lang='lat' dir='ltr'>me</span> <span class='ocrx_word' id='word_1_101' title='bbox 890 1604 1019 1668; x_wconf 87' lang='lat' dir='ltr'>eandem</span> <span class='ocrx_word' id='word_1_102' title='bbox 1042 1605 1127 1669; x_wconf 88' lang='lat' dir='ltr'>uiam</span> <span class='ocrx_word' id='word_1_103' title='bbox 1151 1625 1244 1688; x_wconf 89' lang='lat' dir='ltr'>quam</span> 
     </span>
     <span class='ocr_line' id='line_1_14' title="bbox 115 1710 1370 1794; baseline 0.001 -20"><span class='ocrx_word' id='word_1_104' title='bbox 115 1711 148 1774; x_wconf 77' lang='lat' dir='ltr'>In</span> <span class='ocrx_word' id='word_1_105' title='bbox 166 1710 362 1774; x_wconf 90' lang='lat' dir='ltr'>recensendis</span> <span class='ocrx_word' id='word_1_106' title='bbox 378 1710 535 1774; x_wconf 77' lang='lat' dir='ltr'>Ilormulis</span> <span class='ocrx_word' id='word_1_107' title='bbox 548 1710 726 1794; x_wconf 89' lang='lat' dir='ltr'>ingressum</span> <span class='ocrx_word' id='word_1_108' title='bbox 740 1729 809 1775; x_wconf 91' lang='lat' dir='ltr'>esse</span> <span class='ocrx_word' id='word_1_109' title='bbox 827 1710 881 1774; x_wconf 84' lang='lat' dir='ltr'>uix</span> <span class='ocrx_word' id='word_1_110' title='bbox 899 1714 957 1788; x_wconf 88' lang='lat' dir='ltr'>est,</span> <span class='ocrx_word' id='word_1_111' title='bbox 977 1728 1033 1774; x_wconf 93' lang='lat' dir='ltr'>cur</span> <span class='ocrx_word' id='word_1_112' title='bbox 1051 1711 1244 1777; x_wconf 87' lang='lat' dir='ltr'>admoneam.</span> <span class='ocrx_word' id='word_1_113' title='bbox 1368 1718 1370 1722; x_wconf 81' lang='grc'>’</span> 
     </span>
     <span class='ocr_line' id='line_1_15' title="bbox 116 1814 1294 1902; baseline -0.003 -22"><span class='ocrx_word' id='word_1_114' title='bbox 116 1818 237 1899; x_wconf 88' lang='lat' dir='ltr'>praeter</span> <span class='ocrx_word' id='word_1_115' title='bbox 260 1816 284 1879; x_wconf 90' lang='lat' dir='ltr'>P</span> <span class='ocrx_word' id='word_1_116' title='bbox 310 1814 427 1879; x_wconf 91' lang='lat' dir='ltr'>librum</span> <span class='ocrx_word' id='word_1_117' title='bbox 454 1817 487 1879; x_wconf 92' lang='lat' dir='ltr'>et</span> <span class='ocrx_word' id='word_1_118' title='bbox 509 1815 726 1880; x_wconf 89' lang='lat' dir='ltr'>Sessorianum</span> <span class='ocrx_word' id='word_1_119' title='bbox 754 1816 846 1880; x_wconf 90' lang='lat' dir='ltr'>asciti</span> <span class='ocrx_word' id='word_1_120' title='bbox 878 1819 953 1880; x_wconf 89' lang='lat' dir='ltr'>sunt</span> <span class='ocrx_word' id='word_1_121' title='bbox 979 1816 1100 1881; x_wconf 82' lang='lat' dir='ltr'>codex</span> <span class='ocrx_word' id='word_1_122' title='bbox 1128 1817 1185 1881; x_wconf 82' lang='lat' dir='ltr'>Au</span> <span class='ocrx_word' id='word_1_123' title='bbox 1193 1818 1244 1902; x_wconf 90' lang='lat' dir='ltr'>gi·</span> <span class='ocrx_word' id='word_1_124' title='bbox 1266 1814 1294 1877; x_wconf 83' lang='lat' dir='ltr'>A</span> 
     </span>
     <span class='ocr_line' id='line_1_16' title="bbox 117 1918 1244 2008; baseline 0.004 -24"><span class='ocrx_word' id='word_1_125' title='bbox 117 1922 225 1986; x_wconf 88' lang='lat' dir='ltr'>ensis</span> <span class='ocrx_word' id='word_1_126' title='bbox 272 1920 429 1987; x_wconf 79' lang='lat' dir='ltr'>CCXVIII</span> <span class='ocrx_word' id='word_1_127' title='bbox 473 1918 735 2007; x_wconf 79' lang='lat' dir='ltr'>(Caroliruhensis</span> <span class='ocrx_word' id='word_1_128' title='bbox 778 1923 871 2008; x_wconf 84' lang='lat'>165),</span> <span class='ocrx_word' id='word_1_129' title='bbox 919 1923 1244 1988; x_wconf 88' lang='lat' dir='ltr'>membranaceus</span> 
     </span>
    </p>
   </div>
   <div class='ocr_carea' id='block_1_3' title="bbox 18 2026 1243 2113">
    <p class='ocr_par' dir='ltr' id='par_1_4' title="bbox 18 2026 1243 2113">
     <span class='ocr_line' id='line_1_17' title="bbox 18 2026 1243 2113; baseline 0.002 -22"><span class='ocrx_word' id='word_1_130' title='bbox 18 2031 19 2034; x_wconf 75' lang='grc'>’</span> <span class='ocrx_word' id='word_1_131' title='bbox 117 2046 142 2091; x_wconf 91' lang='lat' dir='ltr'>s.</span> <span class='ocrx_word' id='word_1_132' title='bbox 174 2027 220 2090; x_wconf 91' lang='lat' dir='ltr'>IX</span> <span class='ocrx_word' id='word_1_133' title='bbox 251 2026 278 2090; x_wconf 82' lang='lat' dir='ltr'>A</span> <span class='ocrx_word' id='word_1_134' title='bbox 315 2028 347 2090; x_wconf 92' lang='lat' dir='ltr'>ct</span> <span class='ocrx_word' id='word_1_135' title='bbox 383 2026 505 2092; x_wconf 80' lang='lat' dir='ltr'>codex</span> <span class='ocrx_word' id='word_1_136' title='bbox 539 2027 762 2092; x_wconf 88' lang='lat' dir='ltr'>Vaticanus</span> <span class='ocrx_word' id='word_1_137' title='bbox 808 2029 871 2092; x_wconf 82' lang='lat'>552</span> <span class='ocrx_word' id='word_1_138' title='bbox 916 2028 1243 2113; x_wconf 88' lang='lat' dir='ltr'>membranaceus</span> 
     </span>
    </p>
   </div>
   <div class='ocr_carea' id='block_1_4' title="bbox 29 2125 1379 3272">
    <p class='ocr_par' dir='ltr' id='par_1_5' title="bbox 29 2125 1379 3272">
     <span class='ocr_line' id='line_1_18' title="bbox 116 2125 1296 2215; baseline 0.003 -19"><span class='ocrx_word' id='word_1_139' title='bbox 116 2151 142 2196; x_wconf 82' lang='lat' dir='ltr'>s.</span> <span class='ocrx_word' id='word_1_140' title='bbox 168 2133 215 2196; x_wconf 93' lang='lat' dir='ltr'>IX</span> <span class='ocrx_word' id='word_1_141' title='bbox 241 2131 280 2209; x_wconf 82' lang='lat' dir='ltr'>V,</span> <span class='ocrx_word' id='word_1_142' title='bbox 314 2150 452 2214; x_wconf 90' lang='lat' dir='ltr'>quorum</span> <span class='ocrx_word' id='word_1_143' title='bbox 477 2135 646 2214; x_wconf 88' lang='lat' dir='ltr'>utrumque</span> <span class='ocrx_word' id='word_1_144' title='bbox 677 2125 741 2197; x_wconf 91' lang='lat' dir='ltr'>iam</span> <span class='ocrx_word' id='word_1_145' title='bbox 771 2133 873 2215; x_wconf 85' lang='lat' dir='ltr'>Pauly</span> <span class='ocrx_word' id='word_1_146' title='bbox 905 2133 1090 2211; x_wconf 84' lang='lat' dir='ltr'>contulerat,</span> <span class='ocrx_word' id='word_1_147' title='bbox 1123 2135 1175 2199; x_wconf 93' lang='lat' dir='ltr'>cui</span> <span class='ocrx_word' id='word_1_148' title='bbox 1205 2127 1296 2199; x_wconf 89' lang='lat' dir='ltr'>abV</span> 
     </span>
     <span class='ocr_line' id='line_1_19' title="bbox 114 2236 1245 2323; baseline 0.002 -20"><span class='ocrx_word' id='word_1_149' title='bbox 114 2237 284 2319; x_wconf 83' lang='lat' dir='ltr'>Academia</span> <span class='ocrx_word' id='word_1_150' title='bbox 307 2236 458 2302; x_wconf 85' lang='lat' dir='ltr'>Caesarea</span> <span class='ocrx_word' id='word_1_151' title='bbox 480 2237 715 2303; x_wconf 75' lang='lat' dir='ltr'>vindobonensi</span> <span class='ocrx_word' id='word_1_152' title='bbox 743 2239 883 2322; x_wconf 92' lang='lat' dir='ltr'>episcopi</span> <span class='ocrx_word' id='word_1_153' title='bbox 904 2238 1125 2323; x_wconf 86' lang='lat' dir='ltr'>Lugdunensis</span> <span class='ocrx_word' id='word_1_154' title='bbox 1153 2259 1245 2323; x_wconf 91' lang='lat' dir='ltr'>opera</span> 
     </span>
     <span class='ocr_line' id='line_1_20' title="bbox 114 2343 1244 2427; baseline 0.003 -20"><span class='ocrx_word' id='word_1_155' title='bbox 114 2343 304 2412; x_wconf 89' lang='lat' dir='ltr'>recensenda</span> <span class='ocrx_word' id='word_1_156' title='bbox 323 2345 401 2410; x_wconf 91' lang='lat' dir='ltr'>sunt</span> <span class='ocrx_word' id='word_1_157' title='bbox 423 2344 547 2408; x_wconf 86' lang='lat' dir='ltr'>tradita.</span> <span class='ocrx_word' id='word_1_158' title='bbox 576 2362 648 2408; x_wconf 92' lang='lat' dir='ltr'>cum</span> <span class='ocrx_word' id='word_1_159' title='bbox 671 2346 776 2410; x_wconf 91' lang='lat' dir='ltr'>autem</span> <span class='ocrx_word' id='word_1_160' title='bbox 803 2348 1003 2426; x_wconf 89' lang='lat' dir='ltr'>praematura</span> <span class='ocrx_word' id='word_1_161' title='bbox 1030 2348 1141 2426; x_wconf 91' lang='lat' dir='ltr'>morte,</span> <span class='ocrx_word' id='word_1_162' title='bbox 1169 2364 1244 2427; x_wconf 92' lang='lat' dir='ltr'>qno-</span> 
     </span>
     <span class='ocr_line' id='line_1_21' title="bbox 115 2448 1245 2532; baseline -0.002 -19"><span class='ocrx_word' id='word_1_163' title='bbox 115 2450 219 2514; x_wconf 90' lang='lat' dir='ltr'>minus</span> <span class='ocrx_word' id='word_1_164' title='bbox 237 2449 271 2513; x_wconf 91' lang='lat' dir='ltr'>id</span> <span class='ocrx_word' id='word_1_165' title='bbox 289 2467 367 2531; x_wconf 91' lang='lat' dir='ltr'>opus</span> <span class='ocrx_word' id='word_1_166' title='bbox 386 2448 556 2531; x_wconf 85' lang='lat' dir='ltr'>perficeret,</span> <span class='ocrx_word' id='word_1_167' title='bbox 581 2451 665 2513; x_wconf 88' lang='lat' dir='ltr'>esset</span> <span class='ocrx_word' id='word_1_168' title='bbox 686 2448 868 2532; x_wconf 87' lang='lat' dir='ltr'>impeditus,</span> <span class='ocrx_word' id='word_1_169' title='bbox 883 2449 967 2513; x_wconf 88' lang='lat' dir='ltr'>mihi</span> <span class='ocrx_word' id='word_1_170' title='bbox 984 2451 1043 2514; x_wconf 94' lang='lat' dir='ltr'>hoc</span> <span class='ocrx_word' id='word_1_171' title='bbox 1061 2467 1176 2514; x_wconf 92' lang='lat' dir='ltr'>munus</span> <span class='ocrx_word' id='word_1_172' title='bbox 1195 2451 1245 2513; x_wconf 89' lang='lat' dir='ltr'>est</span> 
     </span>
     <span class='ocr_line' id='line_1_22' title="bbox 115 2554 1243 2639; baseline -0.003 -18"><span class='ocrx_word' id='word_1_173' title='bbox 115 2556 322 2638; x_wconf 89' lang='lat' dir='ltr'>propositum.</span> <span class='ocrx_word' id='word_1_174' title='bbox 337 2555 376 2633; x_wconf 86' lang='lat' dir='ltr'>V,</span> <span class='ocrx_word' id='word_1_175' title='bbox 391 2554 481 2619; x_wconf 91' lang='lat' dir='ltr'>cuius</span> <span class='ocrx_word' id='word_1_176' title='bbox 496 2554 639 2638; x_wconf 91' lang='lat' dir='ltr'>singulae</span> <span class='ocrx_word' id='word_1_177' title='bbox 652 2555 784 2639; x_wconf 89' lang='lat' dir='ltr'>paginae</span> <span class='ocrx_word' id='word_1_178' title='bbox 798 2554 887 2619; x_wconf 89' lang='lat' dir='ltr'>binas</span> <span class='ocrx_word' id='word_1_179' title='bbox 902 2555 1062 2620; x_wconf 89' lang='lat' dir='ltr'>continent</span> <span class='ocrx_word' id='word_1_180' title='bbox 1080 2554 1243 2620; x_wconf 90' lang='lat' dir='ltr'>columnas</span> 
     </span>
     <span class='ocr_line' id='line_1_23' title="bbox 114 2660 1244 2743; baseline -0.004 -17"><span class='ocrx_word' id='word_1_181' title='bbox 114 2662 298 2728; x_wconf 87' lang='lat' dir='ltr'>uicenorum</span> <span class='ocrx_word' id='word_1_182' title='bbox 322 2681 469 2737; x_wconf 89' lang='lat' dir='ltr'>senorum</span> <span class='ocrx_word' id='word_1_183' title='bbox 491 2679 652 2740; x_wconf 90' lang='lat' dir='ltr'>uersuum,</span> <span class='ocrx_word' id='word_1_184' title='bbox 675 2661 760 2742; x_wconf 90' lang='lat' dir='ltr'>quod</span> <span class='ocrx_word' id='word_1_185' title='bbox 787 2660 826 2724; x_wconf 93' lang='lat' dir='ltr'>ad</span> <span class='ocrx_word' id='word_1_186' title='bbox 848 2660 1013 2730; x_wconf 80' lang='lat' dir='ltr'>Formulas</span> <span class='ocrx_word' id='word_1_187' title='bbox 1039 2661 1185 2743; x_wconf 85' lang='lat' dir='ltr'>pertinet,</span> <span class='ocrx_word' id='word_1_188' title='bbox 1209 2678 1244 2724; x_wconf 85' lang='lat' dir='ltr'>ex</span> 
     </span>
     <span class='ocr_line' id='line_1_24' title="bbox 29 2750 1244 2848; baseline -0.002 -16"><span class='ocrx_word' id='word_1_189' title='bbox 29 2750 32 2757; x_wconf 44' lang='lat'><strong><em>¹</em></strong></span> <span class='ocrx_word' id='word_1_190' title='bbox 115 2768 226 2832; x_wconf 85' lang='lat' dir='ltr'>eodem</span> <span class='ocrx_word' id='word_1_191' title='bbox 248 2768 335 2832; x_wconf 86' lang='lat' dir='ltr'>fonte</span> <span class='ocrx_word' id='word_1_192' title='bbox 357 2767 456 2844; x_wconf 83' lang='lat' dir='ltr'>fluxit,</span> <span class='ocrx_word' id='word_1_193' title='bbox 481 2787 542 2848; x_wconf 90' lang='lat' dir='ltr'>quo</span> <span class='ocrx_word' id='word_1_194' title='bbox 561 2767 724 2831; x_wconf 87' lang='lat' dir='ltr'>Parisinus</span> <span class='ocrx_word' id='word_1_195' title='bbox 750 2768 865 2830; x_wconf 86' lang='grc'>12236.</span> <span class='ocrx_word' id='word_1_196' title='bbox 890 2768 1057 2848; x_wconf 88' lang='lat' dir='ltr'>utrumque</span> <span class='ocrx_word' id='word_1_197' title='bbox 1081 2784 1149 2842; x_wconf 86' lang='lat' dir='ltr'>osse</span> <span class='ocrx_word' id='word_1_198' title='bbox 1173 2783 1244 2830; x_wconf 89' lang='lat' dir='ltr'>con·</span> 
     </span>
     <span class='ocr_line' id='line_1_25' title="bbox 114 2871 1245 2961; baseline -0.003 -24"><span class='ocrx_word' id='word_1_199' title='bbox 114 2873 348 2937; x_wconf 88' lang='lat' dir='ltr'>iunctissimum</span> <span class='ocrx_word' id='word_1_200' title='bbox 378 2873 454 2937; x_wconf 93' lang='lat' dir='ltr'>licet</span> <span class='ocrx_word' id='word_1_201' title='bbox 480 2873 585 2956; x_wconf 90' lang='lat' dir='ltr'>primo</span> <span class='ocrx_word' id='word_1_202' title='bbox 618 2872 726 2937; x_wconf 90' lang='lat' dir='ltr'>statim</span> <span class='ocrx_word' id='word_1_203' title='bbox 764 2873 877 2936; x_wconf 92' lang='lat' dir='ltr'>obtutu</span> <span class='ocrx_word' id='word_1_204' title='bbox 914 2871 1108 2956; x_wconf 89' lang='lat' dir='ltr'>cognoueris,</span> <span class='ocrx_word' id='word_1_205' title='bbox 1138 2873 1245 2961; x_wconf 84' lang='lat' dir='ltr'>tamen</span> 
     </span>
     <span class='ocr_line' id='line_1_26' title="bbox 114 2977 1244 3069; baseline -0.004 -25"><span class='ocrx_word' id='word_1_206' title='bbox 114 2979 283 3069; x_wconf 77' lang='lat' dir='ltr'>Augr&#39;ensis</span> <span class='ocrx_word' id='word_1_207' title='bbox 309 2978 519 3061; x_wconf 90' lang='lat' dir='ltr'>interpolandi</span> <span class='ocrx_word' id='word_1_208' title='bbox 544 2977 674 3042; x_wconf 87' lang='lat' dir='ltr'>libidine</span> <span class='ocrx_word' id='word_1_209' title='bbox 701 2979 795 3060; x_wconf 89' lang='lat' dir='ltr'>paulo</span> <span class='ocrx_word' id='word_1_210' title='bbox 823 2977 1021 3060; x_wconf 89' lang='lat' dir='ltr'>deprauatior</span> <span class='ocrx_word' id='word_1_211' title='bbox 1047 2979 1097 3041; x_wconf 83' lang='lat' dir='ltr'>est</span> <span class='ocrx_word' id='word_1_212' title='bbox 1123 2982 1156 3041; x_wconf 87' lang='lat' dir='ltr'>et</span> <span class='ocrx_word' id='word_1_213' title='bbox 1178 2995 1244 3041; x_wconf 88' lang='lat' dir='ltr'>cor-</span> 
     </span>
     <span class='ocr_line' id='line_1_27' title="bbox 44 3082 1245 3167; baseline -0.002 -18"><span class='ocrx_word' id='word_1_214' title='bbox 44 3111 58 3125; x_wconf 62' lang='grc'>·’</span> <span class='ocrx_word' id='word_1_215' title='bbox 114 3084 245 3167; x_wconf 90' lang='lat' dir='ltr'>ruptior.</span> <span class='ocrx_word' id='word_1_216' title='bbox 270 3103 347 3166; x_wconf 92' lang='lat' dir='ltr'>quos</span> <span class='ocrx_word' id='word_1_217' title='bbox 365 3084 463 3149; x_wconf 93' lang='lat' dir='ltr'>libros</span> <span class='ocrx_word' id='word_1_218' title='bbox 483 3103 519 3148; x_wconf 84' lang='lat' dir='ltr'>ex</span> <span class='ocrx_word' id='word_1_219' title='bbox 538 3083 757 3166; x_wconf 91' lang='lat' dir='ltr'>antiquissimo</span> <span class='ocrx_word' id='word_1_220' title='bbox 777 3083 982 3166; x_wconf 84' lang='lat' dir='ltr'>archetypoP</span> <span class='ocrx_word' id='word_1_221' title='bbox 1002 3082 1103 3148; x_wconf 89' lang='lat' dir='ltr'>codici</span> <span class='ocrx_word' id='word_1_222' title='bbox 1121 3083 1245 3166; x_wconf 87' lang='lat' dir='ltr'>aequali</span> 
     </span>
     <span class='ocr_line' id='line_1_28' title="bbox 116 3187 1379 3272; baseline 0 -18"><span class='ocrx_word' id='word_1_223' title='bbox 116 3208 185 3255; x_wconf 88' lang='lat' dir='ltr'>esse</span> <span class='ocrx_word' id='word_1_224' title='bbox 200 3189 357 3254; x_wconf 88' lang='lat' dir='ltr'>deriuatos</span> <span class='ocrx_word' id='word_1_225' title='bbox 370 3209 426 3272; x_wconf 89' lang='lat' dir='ltr'>pro</span> <span class='ocrx_word' id='word_1_226' title='bbox 441 3192 507 3255; x_wconf 89' lang='lat' dir='ltr'>cert</span> <span class='ocrx_word' id='word_1_227' title='bbox 508 3208 525 3253; x_wconf 93' lang='lat' dir='ltr'>o</span> <span class='ocrx_word' id='word_1_228' title='bbox 493 3189 654 3253; x_wconf 90' lang='lat' dir='ltr'>thabere</span> <span class='ocrx_word' id='word_1_229' title='bbox 671 3188 800 3271; x_wconf 91' lang='lat' dir='ltr'>potes.</span> <span class='ocrx_word' id='word_1_230' title='bbox 791 3208 824 3252; x_wconf 87' lang='lat' dir='ltr'>nn</span> <span class='ocrx_word' id='word_1_231' title='bbox 838 3187 945 3255; x_wconf 92' lang='lat' dir='ltr'>codice</span> <span class='ocrx_word' id='word_1_232' title='bbox 965 3188 1047 3253; x_wconf 90' lang='lat' dir='ltr'>enim</span> <span class='ocrx_word' id='word_1_233' title='bbox 1060 3188 1152 3254; x_wconf 87' lang='lat' dir='ltr'>Mont</span> <span class='ocrx_word' id='word_1_234' title='bbox 1137 3190 1277 3272; x_wconf 74' lang='lat' dir='ltr'>depes-⁰⁰</span> <span class='ocrx_word' id='word_1_235' title='bbox 1278 3195 1379 3230; x_wconf 52' lang='lat' dir='ltr'>Um·</span> 
     </span>
    </p>
   </div>
   <div class='ocr_carea' id='block_1_5' title="bbox 1264 3240 1373 3281">
    <p class='ocr_par' dir='ltr' id='par_1_6' title="bbox 1264 3240 1373 3281">
     <span class='ocr_line' id='line_1_29' title="bbox 1264 3240 1373 3281; baseline 0.01 -8.135"><span class='ocrx_word' id='word_1_236' title='bbox 1264 3240 1373 3281; x_wconf 66' lang='lat' dir='ltr'>parur-uus</span> 
     </span>
    </p>
   </div>
   <div class='ocr_carea' id='block_1_6' title="bbox 32 3276 1280 4229">
    <p class='ocr_par' dir='ltr' id='par_1_7' title="bbox 32 3276 1273 3484">
     <span class='ocr_line' id='line_1_30' title="bbox 32 3276 1273 3391; baseline 0 -32"><span class='ocrx_word' id='word_1_237' title='bbox 32 3299 34 3304; x_wconf 82' lang='lat'>&#39;</span> <span class='ocrx_word' id='word_1_238' title='bbox 116 3296 227 3360; x_wconf 90' lang='lat' dir='ltr'>sulauo</span> <span class='ocrx_word' id='word_1_239' title='bbox 246 3276 309 3360; x_wconf 88' lang='grc'>241</span> <span class='ocrx_word' id='word_1_240' title='bbox 330 3295 384 3377; x_wconf 92' lang='lat' dir='ltr'>qui</span> <span class='ocrx_word' id='word_1_241' title='bbox 401 3295 545 3391; x_wconf 88' lang='lat' dir='ltr'>Lactauti</span> <span class='ocrx_word' id='word_1_242' title='bbox 564 3313 657 3377; x_wconf 86' lang='lat' dir='ltr'>opera</span> <span class='ocrx_word' id='word_1_243' title='bbox 675 3294 778 3359; x_wconf 90' lang='lat' dir='ltr'>omnia</span> <span class='ocrx_word' id='word_1_244' title='bbox 797 3295 937 3359; x_wconf 86' lang='lat' dir='ltr'>continet</span> <span class='ocrx_word' id='word_1_245' title='bbox 958 3292 1012 3378; x_wconf 87' lang='lat' dir='ltr'>(cf</span> <span class='ocrx_word' id='word_1_246' title='bbox 1026 3295 1061 3362; x_wconf 80' lang='lat' dir='ltr'>b</span> <span class='ocrx_word' id='word_1_247' title='bbox 1077 3293 1164 3360; x_wconf 81' lang='lat' dir='ltr'>Caeli</span> <span class='ocrx_word' id='word_1_248' title='bbox 1177 3294 1273 3359; x_wconf 80' lang='lat' dir='ltr'>rir-</span> 
     </span>
     <span class='ocr_line' id='line_1_31' title="bbox 116 3385 1242 3484; baseline 0 -19"><span class='ocrx_word' id='word_1_249' title='bbox 116 3401 211 3466; x_wconf 91' lang='lat' dir='ltr'>miani</span> <span class='ocrx_word' id='word_1_250' title='bbox 232 3400 365 3466; x_wconf 84' lang='lat' dir='ltr'>Lactt</span> <span class='ocrx_word' id='word_1_251' title='bbox 295 3404 365 3466; x_wconf 91' lang='lat' dir='ltr'>an</span> <span class='ocrx_word' id='word_1_252' title='bbox 365 3421 377 3464; x_wconf 90' lang='lat'>1</span> <span class='ocrx_word' id='word_1_253' title='bbox 399 3385 491 3484; x_wconf 90' lang='lat' dir='ltr'>opera</span> <span class='ocrx_word' id='word_1_254' title='bbox 509 3400 622 3465; x_wconf 93' lang='lat' dir='ltr'>omnia</span> <span class='ocrx_word' id='word_1_255' title='bbox 640 3400 718 3464; x_wconf 89' lang='lat' dir='ltr'>Pars</span> <span class='ocrx_word' id='word_1_256' title='bbox 736 3400 761 3464; x_wconf 89' lang='grc' dir='ltr'>Ι.</span> <span class='ocrx_word' id='word_1_257' title='bbox 780 3400 961 3464; x_wconf 89' lang='lat' dir='ltr'>Recensuit</span> <span class='ocrx_word' id='word_1_258' title='bbox 969 3399 1097 3465; x_wconf 83' lang='lat' dir='ltr'>Samuel</span> <span class='ocrx_word' id='word_1_259' title='bbox 1114 3401 1242 3466; x_wconf 84' lang='lat' dir='ltr'>Brandt.</span> 
     </span>
    </p>

    <p class='ocr_par' dir='ltr' id='par_1_8' title="bbox 116 3498 1245 4013">
     <span class='ocr_line' id='line_1_32' title="bbox 116 3498 1245 3592; baseline 0 -22"><span class='ocrx_word' id='word_1_260' title='bbox 116 3506 318 3571; x_wconf 89' lang='lat' dir='ltr'>Vindobonae</span> <span class='ocrx_word' id='word_1_261' title='bbox 340 3506 656 3573; x_wconf 78' lang='lat' dir='ltr'>MDCOOLXXXX</span> <span class='ocrx_word' id='word_1_262' title='bbox 651 3526 682 3588; x_wconf 92' lang='lat' dir='ltr'>p.</span> <span class='ocrx_word' id='word_1_263' title='bbox 691 3498 1056 3592; x_wconf 83' lang='lat' dir='ltr'>&#39;XXXVI—XXXVH).</span> <span class='ocrx_word' id='word_1_264' title='bbox 1079 3506 1179 3590; x_wconf 88' lang='lat' dir='ltr'>primo</span> <span class='ocrx_word' id='word_1_265' title='bbox 1211 3509 1245 3570; x_wconf 90' lang='lat' dir='ltr'>et</span> 
     </span>
     <span class='ocr_line' id='line_1_33' title="bbox 116 3611 1242 3702; baseline 0 -26"><span class='ocrx_word' id='word_1_266' title='bbox 116 3614 275 3702; x_wconf 89' lang='lat' dir='ltr'>postremo</span> <span class='ocrx_word' id='word_1_267' title='bbox 292 3612 403 3676; x_wconf 90' lang='lat' dir='ltr'>insunt</span> <span class='ocrx_word' id='word_1_268' title='bbox 416 3613 477 3677; x_wconf 91' lang='lat' dir='ltr'>duo</span> <span class='ocrx_word' id='word_1_269' title='bbox 490 3612 568 3678; x_wconf 88' lang='lat' dir='ltr'>folia</span> <span class='ocrx_word' id='word_1_270' title='bbox 581 3611 697 3676; x_wconf 84' lang='lat' dir='ltr'>litteris</span> <span class='ocrx_word' id='word_1_271' title='bbox 711 3611 888 3677; x_wconf 91' lang='lat' dir='ltr'>uncialibus</span> <span class='ocrx_word' id='word_1_272' title='bbox 904 3631 929 3676; x_wconf 93' lang='lat' dir='ltr'>s.</span> <span class='ocrx_word' id='word_1_273' title='bbox 948 3612 1099 3676; x_wconf 68' lang='lat' dir='ltr'>VI-—Vli</span> <span class='ocrx_word' id='word_1_274' title='bbox 1116 3613 1242 3695; x_wconf 88' lang='lat' dir='ltr'>scripta,</span> 
     </span>
     <span class='ocr_line' id='line_1_34' title="bbox 117 3717 1243 3802; baseline 0.001 -21"><span class='ocrx_word' id='word_1_275' title='bbox 117 3718 154 3782; x_wconf 91' lang='lat' dir='ltr'>de</span> <span class='ocrx_word' id='word_1_276' title='bbox 177 3717 291 3800; x_wconf 91' lang='lat' dir='ltr'>quibus</span> <span class='ocrx_word' id='word_1_277' title='bbox 314 3718 432 3783; x_wconf 86' lang='lat' dir='ltr'>Brandt</span> <span class='ocrx_word' id='word_1_278' title='bbox 454 3718 531 3783; x_wconf 90' lang='lat' dir='ltr'>baec</span> <span class='ocrx_word' id='word_1_279' title='bbox 558 3738 614 3802; x_wconf 92' lang='lat' dir='ltr'>per</span> <span class='ocrx_word' id='word_1_280' title='bbox 635 3718 756 3783; x_wconf 87' lang='lat' dir='ltr'>litteras</span> <span class='ocrx_word' id='word_1_281' title='bbox 779 3737 937 3783; x_wconf 92' lang='lat' dir='ltr'>unacum</span> <span class='ocrx_word' id='word_1_282' title='bbox 960 3717 1126 3783; x_wconf 90' lang='lat' dir='ltr'>collatione</span> <span class='ocrx_word' id='word_1_283' title='bbox 1150 3717 1243 3799; x_wconf 89' lang='lat' dir='ltr'>quam</span> 
     </span>
     <span class='ocr_line' id='line_1_35' title="bbox 117 3822 1244 3906; baseline 0.001 -20"><span class='ocrx_word' id='word_1_284' title='bbox 117 3822 354 3888; x_wconf 86' lang='lat' dir='ltr'>accuratissima</span> <span class='ocrx_word' id='word_1_285' title='bbox 374 3823 452 3889; x_wconf 90' lang='lat' dir='ltr'>mibi</span> <span class='ocrx_word' id='word_1_286' title='bbox 485 3824 657 3906; x_wconf 89' lang='lat' dir='ltr'>scripsitc</span> <span class='ocrx_word' id='word_1_287' title='bbox 641 3826 673 3888; x_wconf 91' lang='lat' dir='ltr'>ct</span> <span class='ocrx_word' id='word_1_288' title='bbox 704 3823 851 3889; x_wconf 87' lang='lat' dir='ltr'>tradidit:</span> <span class='ocrx_word' id='word_1_289' title='bbox 884 3824 964 3889; x_wconf 90' lang='lat' dir='ltr'>Die</span> <span class='ocrx_word' id='word_1_290' title='bbox 979 3824 1091 3888; x_wconf 91' lang='lat' dir='ltr'>beiden</span> <span class='ocrx_word' id='word_1_291' title='bbox 1122 3823 1244 3887; x_wconf 78' lang='lat' dir='ltr'>Blatter</span> 
     </span>
     <span class='ocr_line' id='line_1_36' title="bbox 116 3928 1280 4013; baseline 0.002 -23"><span class='ocrx_word' id='word_1_292' title='bbox 116 3945 217 3991; x_wconf 86' lang='lat' dir='ltr'>waren</span> <span class='ocrx_word' id='word_1_293' title='bbox 238 3928 458 4011; x_wconf 82' lang='lat' dir='ltr'>ursprbnglich</span> <span class='ocrx_word' id='word_1_294' title='bbox 482 3947 520 3992; x_wconf 91' lang='lat' dir='ltr'>an</span> <span class='ocrx_word' id='word_1_295' title='bbox 539 3929 598 3993; x_wconf 91' lang='lat' dir='ltr'>den</span> <span class='ocrx_word' id='word_1_296' title='bbox 617 3930 756 3994; x_wconf 88' lang='lat' dir='ltr'>Declreln</span> <span class='ocrx_word' id='word_1_297' title='bbox 775 3931 828 3995; x_wconf 89' lang='lat' dir='ltr'>der</span> <span class='ocrx_word' id='word_1_298' title='bbox 845 3930 1050 3995; x_wconf 87' lang='lat' dir='ltr'>Handschrift</span> <span class='ocrx_word' id='word_1_299' title='bbox 1066 3928 1280 4013; x_wconf 88' lang='lat' dir='ltr'>angelrlebt.</span> 
     </span>
    </p>

    <p class='ocr_par' dir='ltr' id='par_1_9' title="bbox 117 4031 1245 4229">
     <span class='ocr_line' id='line_1_37' title="bbox 117 4031 1241 4120; baseline 0.001 -23"><span class='ocrx_word' id='word_1_300' title='bbox 117 4031 168 4098; x_wconf 85' lang='lat' dir='ltr'>Sie</span> <span class='ocrx_word' id='word_1_301' title='bbox 186 4033 311 4097; x_wconf 82' lang='lat' dir='ltr'>worden</span> <span class='ocrx_word' id='word_1_302' title='bbox 334 4035 478 4119; x_wconf 89' lang='lat' dir='ltr'>abgelbst</span> <span class='ocrx_word' id='word_1_303' title='bbox 499 4035 564 4100; x_wconf 91' lang='lat' dir='ltr'>und</span> <span class='ocrx_word' id='word_1_304' title='bbox 585 4035 617 4100; x_wconf 93' lang='lat' dir='ltr'>in</span> <span class='ocrx_word' id='word_1_305' title='bbox 635 4035 733 4119; x_wconf 83' lang='lat' dir='ltr'>Folgc</span> <span class='ocrx_word' id='word_1_306' title='bbox 757 4037 856 4101; x_wconf 84' lang='lat' dir='ltr'>dauon</span> <span class='ocrx_word' id='word_1_307' title='bbox 875 4037 946 4101; x_wconf 88' lang='lat' dir='ltr'>sind</span> <span class='ocrx_word' id='word_1_308' title='bbox 964 4054 1074 4120; x_wconf 88' lang='lat' dir='ltr'>grosse</span> <span class='ocrx_word' id='word_1_309' title='bbox 1093 4033 1241 4100; x_wconf 86' lang='lat' dir='ltr'>Streclren</span> 
     </span>
     <span class='ocr_line' id='line_1_38' title="bbox 117 4123 1245 4229; baseline 0.001 -27"><span class='ocrx_word' id='word_1_310' title='bbox 117 4138 174 4229; x_wconf 81' lang='lat' dir='ltr'>anf</span> <span class='ocrx_word' id='word_1_311' title='bbox 192 4137 247 4227; x_wconf 88' lang='lat' dir='ltr'>fol.</span> <span class='ocrx_word' id='word_1_312' title='bbox 273 4140 304 4202; x_wconf 89' lang='lat'>1·</span> <span class='ocrx_word' id='word_1_313' title='bbox 325 4138 390 4203; x_wconf 89' lang='lat' dir='ltr'>und</span> <span class='ocrx_word' id='word_1_314' title='bbox 413 4137 446 4202; x_wconf 82' lang='lat' dir='ltr'>2b</span> <span class='ocrx_word' id='word_1_315' title='bbox 463 4159 522 4224; x_wconf 86' lang='lat' dir='ltr'>gar</span> <span class='ocrx_word' id='word_1_316' title='bbox 536 4140 625 4204; x_wconf 91' lang='lat' dir='ltr'>nicht</span> <span class='ocrx_word' id='word_1_317' title='bbox 643 4139 717 4205; x_wconf 91' lang='lat' dir='ltr'>oder</span> <span class='ocrx_word' id='word_1_318' title='bbox 734 4161 793 4205; x_wconf 92' lang='lat' dir='ltr'>nur</span> <span class='ocrx_word' id='word_1_319' title='bbox 810 4140 956 4206; x_wconf 89' lang='lat' dir='ltr'>unsicher</span> <span class='ocrx_word' id='word_1_320' title='bbox 968 4123 1012 4205; x_wconf 54' lang='lat' dir='ltr'>¹zu</span> <span class='ocrx_word' id='word_1_321' title='bbox 1029 4143 1127 4209; x_wconf 89' lang='lat' dir='ltr'>lesen.</span> <span class='ocrx_word' id='word_1_322' title='bbox 1146 4141 1245 4207; x_wconf 90' lang='lat' dir='ltr'>Meist</span> 
     </span>
    </p>
   </div>
   <div class='ocr_carea' id='block_1_7' title="bbox 140 4260 1154 4335">
    <p class='ocr_par' dir='ltr' id='par_1_10' title="bbox 140 4260 1154 4335">
     <span class='ocr_line' id='line_1_39' title="bbox 140 4260 1154 4335; baseline 0 -19"><span class='ocrx_word' id='word_1_323' title='bbox 140 4276 287 4326; x_wconf 73' lang='lat' dir='ltr'>xxxapm</span> <span class='ocrx_word' id='word_1_324' title='bbox 301 4278 320 4316; x_wconf 88' lang='lat'>1.</span> <span class='ocrx_word' id='word_1_325' title='bbox 1136 4260 1154 4335; x_wconf 90' lang='lat' dir='ltr'>b</span> 
     </span>
    </p>
   </div>
   <div class='ocr_carea' id='block_1_8' title="bbox 0 0 1456 4636">
    <p class='ocr_par' dir='ltr' id='par_1_11' title="bbox 0 0 1456 4636">
     <span class='ocr_line' id='line_1_40' title="bbox 0 0 1456 4636; baseline 0 0"><span class='ocrx_word' id='word_1_326' title='bbox 0 0 1456 4636; x_wconf 95' lang='lat' dir='ltr'> </span> 
     </span>
    </p>
   </div>
  </div>
 </body>
</html>
