2902 4636
159 341 222 439 170
455 371 482 426 S.
511 371 695 426 Eucherii
721 369 994 441 Lugdunensis

156 585 313 640 armomm
344 565 519 632 munitione
543 565 618 631 elati
641 569 726 645 sunt,
754 570 791 630 ut
815 565 896 631 ferro
928 569 1113 635 conarentur
1143 567 1289 634 adserere

154 672 297 738 iustitiae
320 690 458 748 causam,
483 672 538 738 sed
565 671 625 738 hoc
652 672 757 738 solum
783 671 1021 738 reminiscentes
1045 691 1078 738 se
1100 672 1194 739 illum
1217 691 1286 748 con·

155 778 237 844 fiteri
263 778 319 860 qui
341 797 399 844 nec
421 777 619 844 reclamando
648 777 687 842 ad
714 776 921 844 occissionem
945 777 1060 843 (luctus
1082 780 1132 843 est
1154 780 1187 843 et
1208 781 1287 843 tam·

155 904 249 968 quam
282 903 382 969 agnus
414 903 475 950 non
508 884 632 968 aperuit
663 903 698 950 os
731 902 834 961 suum,
865 883 928 967 ipsi
965 902 1088 967 qnoque
1123 887 1286 969 tamqnam

155 1010 229 1077 grex
261 989 437 1056 dominicus
470 991 577 1056 ouium
607 989 719 1054 laniari
751 1009 783 1054 se
815 992 977 1071 tamquam
1012 991 1051 1055 ab
1084 989 1285 1056 inruentibus
1313 1007 1319 1046 z

152 1097 238 1179 lupis
270 1096 357 1179 passi
388 1099 472 1162 sunt.
510 1099 619 1180 operta
650 1097 700 1161 est
729 1098 812 1161 terra
842 1095 909 1160 illic
939 1095 1221 1178 procumbentibus
1252 1097 1284 1160 in

153 1207 288 1269 mortem
320 1203 503 1285 corporibus
534 1201 668 1285 piorum,
691 1201 847 1267 fluxerunt
869 1202 1000 1284 pretiosi
1027 1201 1190 1287 sanguinis
1213 1202 1284 1270 riui.

152 1327 232 1391 quae
264 1327 416 1391 umquam
446 1307 549 1374 rabies
582 1309 700 1391 absque
732 1308 816 1374 hello
844 1310 965 1373 tantam
988 1309 1197 1373 humanorum
1220 1326 1284 1374 cor-

150 1433 263 1499 porum
287 1417 426 1499 stragem
449 1414 558 1480 dedit?
581 1433 661 1499 quae
683 1414 792 1481 feritas
812 1432 848 1479 er
866 1415 1025 1481 sententia
1042 1434 1101 1480 sua
1118 1417 1169 1480 tot
1186 1414 1285 1481 simul

150 1520 250 1604 perire
282 1521 335 1586 uel
365 1539 437 1586 reos
468 1521 587 1586 iussit?
618 1540 657 1586 ne
688 1521 766 1587 iusti
798 1522 992 1605 punirentur,
1015 1521 1189 1587 multitudo
1221 1539 1282 1587 non
1296 1533 1319 1574 '1⁰

152 1626 290 1704 obtinuit
317 1645 390 1692 cum
415 1627 554 1692 inultum
582 1647 652 1693 esse
681 1628 791 1705 soleat,
815 1627 899 1712 quod
921 1628 1093 1693 multitudo
1118 1627 1283 1711 delinquit.

37 1729 41 1739 “
151 1731 210 1798 hae
241 1731 341 1816 igitur
372 1732 557 1797 crudelitate
583 1732 794 1798 inmanissimi
821 1732 946 1816 tyranni
973 1732 1134 1805 confectus
1158 1735 1208 1798 est
1228 1731 1283 1798 ille

152 1841 333 1904 sanctorum
355 1839 493 1921 populus
517 1838 571 1919 qui
593 1839 784 1922 contempsit
805 1857 872 1904 rem
893 1837 1107 1921 praesentium
1130 1837 1170 1903 ob
1194 1855 1283 1921 spem

151 1945 339 2011 futurorum.
377 1945 424 2010 sie
446 1943 612 2008 interfecta
634 1947 684 2009 est
704 1944 760 2009 illa
782 1946 875 2029 plane
902 1944 1044 2029 angelica
1073 1943 1158 2030 legio
1192 1963 1283 2027 quae,

151 2054 189 2114 ut
215 2049 382 2127 credimus,
412 2068 484 2114 cum
511 2049 577 2114 illis
605 2050 789 2134 angelorum
815 2049 995 2135 legionibus
1022 2050 1086 2114 iam
1113 2049 1319 2115 conlaudata

151 2168 274 2239 semper
294 2155 328 2219 in
351 2155 447 2220 caelis
472 2155 633 2220 dominum
657 2155 752 2221 deum
775 2156 923 2223 Sabaoth.
1210 2216 1211 2220 ,

193 2261 248 2327 VI.
271 2261 382 2328 Uictor
413 2263 524 2331 autem,
550 2265 669 2346 martyr
695 2280 752 2328 nec
773 2261 909 2347 legionis
934 2261 1075 2327 eiusdem
1097 2260 1159 2325 fuit
1180 2277 1281 2343 neque

149 2368 256 2446 miles,
290 2366 347 2432 sed
379 2367 526 2432 emeritae
557 2368 621 2432 iam
652 2368 785 2433 militiae
816 2370 996 2433 ueteranus.
1033 2367 1084 2432 hic
1121 2385 1194 2432 cum
1221 2365 1284 2430 iter

149 2491 245 2556 agens
274 2471 380 2538 subito
407 2471 573 2538 incidisset
599 2473 631 2538 in
660 2472 718 2538 hos
746 2472 800 2557 qui
827 2472 946 2556 passim
974 2469 1182 2556 epulabantur
1203 2468 1281 2536 laeti

150 2581 324 2662 martyrum
357 2578 468 2660 spoliis
500 2581 595 2662 atque
628 2578 667 2644 ab
699 2579 749 2645 his
782 2578 822 2644 ad
851 2579 1103 2645 assuescendum
1125 2577 1281 2642 inuitatus
1298 2596 1319 2638 u

147 2685 302 2767 prolatam
335 2684 372 2750 ab
406 2684 619 2750 exultantibus
650 2704 706 2769 per
738 2685 877 2751 ordinem
909 2704 1037 2751 causam
1065 2684 1291 2769 cognouisset,¹

149 2809 185 2856 ac
217 2791 393 2857 detestatus
426 2790 578 2856 conuiuas
611 2790 850 2873 detestatusque
887 2791 1070 2857 conuiuium
1102 2789 1281 2874 refugiebat

147 2896 444 2981 requirentibusque
484 2914 523 2961 ne
565 2899 597 2962 ct
635 2897 704 2980 ipse
749 2898 892 2964 forsitam
938 2897 1137 2964 Christianus
1183 2898 1278 2974 esset,

150 3002 362 3069 Christianum
390 3020 424 3066 sc
452 3004 484 3067 et
511 3018 635 3085 semper
659 3003 801 3069 futurum
829 3022 899 3069 csse
926 3004 1089 3087 respondit
1110 3021 1147 3068 ac
1169 3003 1279 3068 statim

148 3108 186 3174 ab
205 3107 404 3173 inruentibus
421 3106 606 3175 interiectus
635 3112 684 3174 est
710 3109 885 3192 ceterisque
908 3110 1098 3195 martyribus
1116 3109 1148 3174 in
1168 3109 1278 3176 eodem
1290 3125 1316 3167 ²⁵

146 3216 217 3281 loco
241 3215 325 3280 sicut
346 3216 447 3278 morte
469 3215 515 3279 ita
538 3215 633 3280 ctiam
655 3215 771 3281 honore
795 3216 981 3283 coniunctus
1004 3220 1063 3283 est.
1086 3216 1164 3282 hacc
1186 3218 1278 3284 nobis

147 3323 272 3385 tantum
297 3319 334 3384 (le
357 3339 486 3386 numero
509 3321 565 3386 illo
588 3324 761 3404 martyrum
793 3324 941 3406 conperta
972 3324 1047 3387 suut
1069 3320 1212 3387 nominat
1244 3322 1277 3387 iul

182 3631 199 3683 6
217 3627 563 3699 lupis-procumbentibus
582 3646 632 3684 cm.
650 3629 681 3684 D
769 3631 784 3685 1
802 3631 987 3703 fluxeruntque
1003 3632 1034 3687 D
1122 3631 1156 3687 10
1178 3633 1277 3704 perire]

145 3744 226 3800 ferire
243 3743 273 3799 1)
363 3745 394 3799 11
420 3710 540 3800 sionna
556 3744 634 3850 Pss'
657 3762 691 3800 m.
712 3744 751 3816 a.)
823 3748 857 3803 12
880 3713 1059 3813 almannum
1075 3747 1104 3801 P
1118 3746 1166 3818 (m.
1183 3751 1274 3854 sara.)

148 3861 182 3915 14
204 3860 285 3930 plena
307 3857 337 3914 D
409 3860 441 3914 15
465 3860 608 3926 conlaudet
629 3860 660 3915 D
731 3861 765 3916 16
786 3877 892 3933 semper
914 3880 964 3919 om.
986 3861 1017 3917 D
1092 3862 1124 3917 11
1147 3861 1222 3917 uicto
1248 3863 1277 3917 P

147 3974 181 4029 18
200 3939 319 4029 ‘meritae
331 3975 359 4029 P
406 3974 440 4029 19
454 3973 650 4043 aepulabantur
662 3975 690 4030 P
708 3978 736 4044 (a
749 3975 800 4031 clei.
814 3993 848 4033 m.
861 3979 899 4046 2.)
935 3977 970 4033 20
983 3934 1071 4048 usique
1085 3976 1116 4045 (t.
1124 3992 1160 4031 m.
1168 3978 1208 4044 23.)
1218 3976 1275 4031 PD

147 4063 181 4117 22
200 4064 342 4152 coruinum
360 4063 390 4118 D
443 4063 478 4119 23
496 4080 602 4134 queque
621 4065 679 4133 (sic)
699 4066 727 4118 P
744 4066 844 4133 (cloec
860 4067 970 4137 syllaba
989 4067 1087 4135 deleta)
1147 4066 1182 4119 24
1198 4064 1273 4120 iutu-

145 4195 205 4233 rnm
257 4178 288 4233 D
345 4178 396 4233 hac
415 4179 438 4232 si
455 4176 486 4231 D
524 4179 559 4233 25
578 4181 621 4233 est
638 4195 689 4235 cm.
706 4178 737 4234 D
782 4164 898 4252 ‘·eo‹lem]
917 4180 968 4237 hoc
985 4181 1015 4236 D
1054 4181 1088 4235 21
1107 4145 1276 4252 cozperteP

147 4268 185 4335 (m
203 4284 238 4322 m.
256 4269 297 4334 2.)
