2902 4636
395 406 533 461 Passio
560 407 848 477 Agaunensium
875 409 1091 478 martyrum.
1247 411 1309 476 173

186 599 372 666 DOMINO
406 597 587 665 SANCTO
620 598 676 663 ΕΤ
707 597 999 665 BEATISSIMO
1026 598 1077 663 IN
1106 597 1308 666 CHRISTO

374 703 543 771 SALUIO
576 702 803 770 EPISCOPO
835 704 1117 770 EUGHERIUS.

228 829 303 894 Misi
325 829 364 893 ad
385 828 615 893 beatitudinem
641 830 729 893 tuanr
757 827 907 912 scriptam
936 831 1115 893 nostrorum
1138 831 1310 913 martyrum

184 935 372 1018 passionem.
410 935 540 1000 uerebar
571 953 705 1016 namque
736 953 775 998 ne
805 953 861 1018 per
890 933 1043 998 incuriam
1079 937 1146 998 tam
1181 934 1309 1020 gloriosi

155 1043 275 1124 egesta
297 1040 437 1124 martyrii
460 1040 498 1104 ab
521 1040 683 1105 hominum
706 1039 858 1104 memoria
883 1042 1009 1122 tempus
1033 1039 1181 1107 aboleret.
1217 1059 1310 1123 porro

185 1147 222 1210 ab
249 1146 370 1211 idoneis
405 1146 585 1212 auctoribus
613 1146 658 1212 rei
684 1145 785 1229 ipsius
813 1146 978 1212 ueritatem
1011 1145 1164 1229 quaesiui,
1193 1147 1232 1212 ab
1260 1146 1309 1212 his

184 1253 293 1334 utique
312 1253 366 1334 qui
384 1251 590 1318 adfirmabant
611 1271 644 1317 se
668 1252 705 1316 ab
729 1252 874 1336 episcopo
895 1251 1073 1318 Genauensi
1095 1254 1202 1317 sancto
1221 1251 1309 1317 Isaac

184 1357 266 1422 huuc
289 1377 382 1442 quem
404 1358 540 1441 praetuli
561 1357 717 1440 passionis
744 1357 885 1422 ordinem
912 1358 1111 1442 cognouisse,
1135 1357 1190 1440 qui
1217 1356 1308 1423 credo

182 1483 307 1528 rursum
330 1465 406 1528 haec
428 1465 510 1528 retro
534 1483 552 1527 a
573 1463 757 1529 beatissimo
785 1463 932 1547 episcopo
954 1463 1116 1529 Theodoro
1139 1463 1208 1529 uiro
1230 1467 1306 1528 tem·

140 1571 267 1651 soporis
299 1570 462 1635 anterioris
494 1569 658 1652 acceperit.
694 1570 800 1653 itaque
828 1588 898 1635 cum
927 1569 981 1633 alii
1009 1588 1044 1633 eu
1072 1569 1206 1634 diuersis
1228 1569 1308 1635 locis

183 1677 276 1758 atque
316 1674 486 1757 prouinciis
522 1677 553 1739 iu
590 1673 739 1740 honorem
780 1673 981 1757 officiumque
1022 1677 1202 1739 sauctorum
1242 1673 1310 1738 auri

184 1784 277 1864 atque
313 1781 434 1865 argenti
470 1779 728 1863 diuersarumque
763 1798 867 1845 rerum
907 1798 1036 1845 munera
1077 1778 1215 1859 offerant,
1252 1798 1309 1846 nos

184 1887 301 1969 scripta
327 1886 405 1950 haec
432 1889 540 1951 nc'stra
566 1886 658 1952 uobis
686 1885 930 1970 suffragantibus
958 1885 1121 1970 dignanter
1148 1885 1308 1950 offerimus

184 2010 352 2077 exposcens
370 2010 425 2073 pro
444 1990 494 2055 his
512 1990 769 2056 intercessionem
789 1991 928 2057 omnium
950 1990 1138 2057 delictorum
1160 1992 1254 2073 atque
1276 1990 1308 2054 in

141 2100 343 2181 inposterum
387 2097 462 2181 iuge
506 2096 698 2179 praesidium
742 2099 944 2179 patronorum
989 2115 1113 2180 semper
1156 2115 1309 2163 meorum.

183 2203 374 2268 Mementote
396 2221 454 2268 uos
477 2221 601 2285 quoque
619 2204 718 2267 nostri
735 2203 767 2267 in
786 2206 955 2286 conspectu
979 2202 1107 2280 domiui,
1130 2204 1309 2269 sanctorum

183 2328 306 2391 semper
342 2308 453 2373 officiis
489 2308 697 2385 inhaerentes,
730 2307 853 2398 domine
882 2311 990 2374 sancte
1026 2311 1058 2373 ct
1089 2309 1201 2373 merito
1237 2307 1309 2372 bea-

182 2415 306 2479 tissime
327 2413 432 2478 frater.

220 2648 232 2700 r
253 2646 595 2702 nomino-nacerom.1>
681 2615 842 2702 ascusam
861 2649 939 2716 (err.
957 2664 991 2702 e.
1010 2649 1049 2715 2.)
1068 2647 1096 2701 Ρ
1173 2619 1264 2700 anie
1281 2646 1308 2699 P

185 2763 216 2816 ll
236 2768 260 2816 ct
279 2720 450 2832 l2adqueP
520 2762 553 2816 13
572 2762 718 2834 dignantur
734 2762 762 2815 P
779 2763 923 2833 dignanter
941 2763 1001 2818 edd.
1057 2763 1089 2817 16
1108 2763 1314 2816 mementote-

183 2849 266 2904 irater
283 2865 334 2906 cm.
352 2851 380 2903 P
394 2850 444 2906 sed
460 2850 560 2906 addita
578 2869 597 2906 a
614 2869 688 2906 man.
706 2867 727 2908 a.
746 2852 797 2906 XI
800 2851 831 2906 V.
