2902 4636
187 223 278 313 XXH
305 247 319 268 ’
644 243 862 298 Praefatio.

186 439 327 504 Parisino
359 440 417 503 hae
450 439 529 503 dnae
560 438 685 503 litterae
717 439 770 502 uix
801 438 936 502 discerni
972 438 1108 521 possint,
1141 441 1174 504 et
1204 438 1316 506 ultima

188 543 305 611 codicis
327 545 404 610 folia
425 546 510 610 lectu
533 544 596 609 siut
617 543 824 626 perdifficilia,
848 563 971 626 semper
993 538 1096 609 media
1113 548 1185 611 utor
1201 545 1317 610 littera.

188 651 244 716 sed
267 651 392 717 silentio
417 648 479 716 non
501 650 661 716 omiserim
684 651 763 714 mihi
785 650 976 715 Eucherium
999 653 1139 715 ueterem
1162 651 1315 734 quendam

186 757 301 822 librum
323 758 510 821 retractasse
532 756 600 821 ueri
622 756 725 820 simile
748 775 827 834 csse,
848 776 940 839 quem
960 757 1093 822 fortasse
1112 757 1150 821 ab
1170 758 1316 841 episcopo

188 861 388 930 Gennauensi
410 862 549 945 aceepit3
573 881 646 927 uam
664 863 696 926 in
715 862 776 927 hoc
794 865 947 945 opusculo
967 863 1119 946 quaedam
1138 880 1157 925 a
1174 881 1316 928 sermone

187 968 382 1034 Eucheriauo
401 968 502 1033 aliena
521 969 574 1033 uel
591 969 629 1032 ut
645 968 752 1051 potins
772 968 874 1032 dicam
892 969 930 1033 ab
951 968 1096 1052 episcopo
1115 969 1318 1053 Lugduneusi

187 1076 286 1141 rarius
319 1075 470 1157 usurpata
501 1073 580 1138 mihi
612 1074 766 1139 detexisse
797 1074 916 1138 uideor.
955 1074 1012 1139 sed
1042 1074 1120 1140 haec
1146 1075 1316 1150 haetenusr

188 1181 332 1264 quaestio
353 1181 424 1265 ipsa
445 1180 506 1245 alio
528 1181 599 1246 loco
623 1180 680 1244 erit
703 1180 903 1246 absoluenda.

153 1371 154 1375 Ἰ
230 1285 281 1352 Ad
318 1287 486 1369 epistulam
525 1286 579 1351 De
617 1287 748 1351 Laude
784 1286 944 1351 Heremi
981 1285 1204 1352 emendandam
1240 1286 1317 1350 mihi

187 1396 311 1477 praesto
324 1392 453 1458 fuerunt
465 1393 538 1457 libri
551 1412 645 1457 mauu
660 1393 769 1475 scripti
784 1395 941 1474 quattuor,
957 1410 1091 1474 quorum
1110 1392 1249 1474 optimus
1270 1394 1318 1458 est

145 1497 173 1561 R
235 1499 324 1565 001.
357 1498 441 1562 Vat.
475 1499 564 1582 Reg.
600 1497 662 1563 708
695 1499 1018 1563 membranaceus
1051 1517 1076 1562 s.
1108 1498 1169 1562 XII
1200 1497 1317 1563 formae

188 1603 316 1670 maioris
338 1604 376 1671 R.
405 1605 528 1668 constat
555 1603 677 1668 duabus
705 1604 859 1668 columnis
882 1604 1072 1668 tricenorum
1097 1606 1318 1686 quaternorum

188 1729 339 1774 uersuum
371 1711 404 1773 et
434 1710 575 1773 continet
606 1709 709 1773 Bedae
746 1709 985 1775 commentarios
1021 1710 1053 1773 in
1084 1710 1317 1792 apocalypsim,

187 1814 335 1898 hymouii
365 1814 510 1886 monachi
541 1814 705 1891 historiam
735 1814 925 1880 Francorum
962 1816 1123 1896 sanctique
1154 1815 1319 1881 Benedicti

188 1919 434 1984 translationem.
467 1920 545 1984 haec
577 1920 714 2001 epistula
736 1923 837 1985 exstat
863 1922 917 1986 fol.
942 1919 1105 1987 25·-3o*.
1130 1921 1158 1985 R
1180 1923 1319 1986 attamen

188 2025 310 2090 mendis
334 2025 435 2089 omnis
459 2025 583 2108 generis
606 2045 667 2091 non
691 2028 784 2104 caret,
809 2045 998 2109 quamquam
1024 2027 1318 2108 interpolationibus

187 2131 268 2196 liber
291 2134 349 2196 est.
372 2149 466 2212 qnam
490 2130 529 2195 ob
552 2150 618 2195 rem
642 2130 681 2195 ad
704 2132 782 2197 alios
805 2130 930 2197 codices
954 2133 1043 2197 nobis
1067 2135 1115 2198 est
1138 2132 1320 2217 eonmgien-

189 2233 431 2318 dampnorum
456 2235 517 2300 duo
541 2236 636 2299 unius
660 2238 735 2300 sunt
757 2236 904 2300 familiae.
929 2224 999 2302 dico

234 2341 420 2406 Codioem
442 2341 673 2412 Parisinum
697 2343 783 2406 2182
806 2343 1150 2407 membranaceum
1174 2342 1228 2408 fol.
1255 2343 1318 2408 170

145 2446 170 2508 Ε
189 2446 315 2511 duabus
334 2446 488 2511 columnis
508 2447 697 2511 tricenorum
715 2447 860 2523 binorum
878 2468 1029 2514 uersuum
1044 2468 1069 2515 s.
1085 2448 1268 2512 XH—XIII
1281 2449 1317 2515 11.

188 2555 310 2634 praeter
341 2553 403 2616 alia
424 2553 572 2624 Eucherii
605 2554 722 2636 scripta
752 2555 809 2618 has
837 2555 976 2619 continet
997 2554 1119 2618 litteras
1141 2553 1196 2617 fol.
1221 2554 1320 2617 97·-

191 2657 277 2723 102l.
305 2657 357 2721 cni
389 2657 640 2723 adnumerandus
673 2659 723 2723 est
750 2659 931 2724 simillimus
964 2659 1047 2724 cod.
1077 2659 1201 2725 Paris.
1231 2661 1318 2723 2883

16 2825 19 2830 .
143 2757 512 2828 Fmembranacens
536 2782 562 2828 s.
585 2763 730 2831 XHI..F.
750 2765 807 2829 sed
824 2765 849 2828 F
867 2784 928 2830 non
953 2783 1022 2829 esse
1041 2783 1077 2828 ex
1095 2765 1120 2828 ld
1140 2764 1318 2829 deriuatum

189 2886 246 2950 pro
267 2870 354 2934 certo
378 2868 578 2934 confirmatur
600 2870 759 2934 nonnullis
786 2871 985 2950 lectionibus,
1010 2889 1088 2953 qnae
1116 2871 1148 2934 in
1171 2870 1226 2935 illo
1250 2873 1318 2936 solo

187 2973 399 3050 inueniuntur,
422 2975 543 3039 ueluti:
566 2995 597 3056 p.
622 2977 757 3053 179,15
774 2977 923 3058 parabat,
946 2997 977 3058 p.
1003 2977 1076 3053 180,
1096 2976 1137 3038 27
1162 2975 1317 3054 radiabat,

74 3145 76 3150 .
187 3099 218 3163 p.
241 3080 315 3158 182,
335 3079 531 3162 2tnnpne'do,
550 3100 582 3164 p.
602 3082 675 3161 188,
697 3084 737 3146 10
755 3080 929 3158 sneeednnt,
952 3101 983 3164 p.
1005 3083 1078 3158 188,
1099 3082 1138 3145 11
1162 3073 1317 3160 castitate,

187 3205 218 3268 p.
244 3186 317 3264 189,
341 3186 362 3249 8
380 3184 515 3265 01100101,
540 3205 613 3251 cum
631 3187 664 3251 in
681 3189 741 3255 hoc
764 3189 966 3254 exhibeantur
984 3186 1157 3269 scripturae
1176 3187 1319 3252 diuersae
1352 3191 1356 3197 '

187 3286 242 3355 nt:
274 3312 304 3374 p.
338 3291 412 3368 180,
445 3292 487 3355 23
517 3292 599 3357 redit
629 3314 748 3373 rursus,
781 3314 813 3376 p.
844 3294 917 3371 180,
946 3292 986 3356 27
1014 3291 1115 3370 mons,
1142 3313 1174 3375 p.
1201 3295 1316 3370 181,1

186 3395 396 3480 rutilante,p.
417 3398 490 3462 181.
510 3399 530 3463 6
552 3399 771 3480 intrantesque,
791 3419 822 3482 p.
845 3400 917 3476 182,
940 3399 980 3463 18
999 3399 1173 3474 solitudine,
1192 3421 1223 3482 p.
1244 3400 1318 3488 185,

190 3503 230 3566 13
253 3500 344 3574 eaelo,
367 3523 398 3584 p.
420 3504 492 3582 186,
512 3505 533 3568 3
555 3505 640 3585 qnia,
659 3527 690 3588 p.
711 3506 785 3583 188,
804 3506 846 3570 26
865 3505 1006 3568 inanire
1024 3505 1114 3568 denen
1131 3524 1194 3568 non
1211 3506 1318 3580 solnm,

186 3627 218 3690 p.
243 3607 316 3686 189,
334 3608 377 3672 26
400 3606 571 3688 00100001,
589 3631 621 3693 p.
641 3610 715 3688 191,
734 3610 754 3674 9
773 3608 940 3690 infecundi.
961 3626 1019 3673 eos·
1033 3611 1138 3672 autem
1156 3628 1192 3674 ex
1211 3610 1318 3675 eodem

186 3702 273 3779 fonte
295 3713 423 3779 fluxisse
446 3715 554 3799 negari
576 3716 696 3799 nequit.

232 3818 320 3884 (lod.
353 3819 477 3885 Paris.
511 3823 597 3887 2990
629 3819 718 3906 (olim
752 3819 950 3886 colbertinus
978 3822 1075 3900 0550,
1100 3822 1176 3887 olim
1199 3822 1318 3905 Regius

144 3921 289 4010 Η4594)
317 3928 642 3991 membranaceus
665 3945 691 3993 s.
714 3927 792 3992 Xlll
809 3927 841 3992 H
862 3927 1011 3993 foliorum
1035 3929 1087 3993 93.
1111 3928 1237 3993 exhibet
1258 3929 1319 3994 hoc

188 4030 376 4114 opusculum
389 4032 444 4098 fol.
459 4030 624 4111 431-501,
634 4031 686 4096 hic
704 4033 785 4098 liber
801 4033 890 4099 uitiis
910 4034 1011 4101 omnis
1031 4034 1153 4119 generis
1170 4033 1318 4099 abundat.

188 4135 278 4200 cuins
292 4137 464 4221 scripturae
483 4138 588 4202 uariae
605 4137 638 4201 in
657 4137 890 4206 adnotationem
909 4140 1051 4207 criticam
1070 4142 1144 4205 sunt
1162 4143 1317 4223 receptae,
