2902 4636
149 247 212 310 130
424 244 451 298 S.
478 243 663 299 Eucherii
688 244 962 314 Lugdunensis

149 440 270 521 septem
301 438 457 509 mundatis
489 457 569 520 quae
602 439 640 502 ad
670 439 847 522 proximum
879 439 1037 521 pertinent
1058 441 1197 522 primum
1221 445 1276 508 est.

147 543 201 609 alii
232 563 307 609 uero
340 544 396 627 qui
425 545 486 609 hoo
517 544 700 609 mandatum
730 562 792 609 non
824 547 935 626 quarto
964 544 1019 610 sed
1051 546 1162 628 quinto
1199 548 1277 626 looo,

147 650 232 734 quod
268 654 301 716 et
334 670 392 716 uos
427 651 607 734 probamus,
645 670 714 716 osse
753 649 946 727 confirmant,
978 652 1027 716 itu
1055 651 1094 716 de
1124 653 1187 718 hoo
1220 653 1278 718 dis-

145 760 275 841 putant:
308 757 491 842 decalogum
519 757 624 840 ipsum
652 760 770 837 totum,
808 757 882 840 quia
918 757 949 821 in
985 758 1041 822 illa
1071 759 1175 840 primu
1210 759 1278 845 lege

146 863 359 947 conscriptum
394 867 453 943 est,
488 867 574 929 reete
613 863 749 946 primum
786 863 969 928 mandatum
1005 865 1167 947 appellari,
1197 866 1318 949 quode

146 969 256 1051 utique
292 969 428 1052 primum
464 968 561 1034 faeiat
597 969 681 1047 ordo,
717 972 829 1051 postea
866 969 999 1033 aliorum
1029 969 1062 1033 iu
1097 971 1170 1054 lege
1209 989 1266 1037 oon

147 1093 280 1158 sequens
302 1079 551 1159 praeceptorum.
574 1075 653 1140 item
677 1094 713 1140 ex
735 1075 795 1140 hoo
819 1074 925 1139 aliterz
952 1075 1071 1140 honum
1096 1078 1222 1159 putrem
1249 1079 1280 1142 et

145 1184 289 1260 matrem,
318 1182 401 1265 quod
429 1185 480 1248 est
505 1181 689 1247 mandatum
714 1181 861 1265 primum,
890 1183 923 1246 st
949 1182 1114 1268 subiungit
1150 1182 1183 1248 in
1210 1203 1278 1267 pro-

146 1287 306 1357 missione.
334 1289 366 1353 in
389 1308 452 1373 qun
471 1286 704 1372 promissione?
735 1289 779 1352 ut
809 1287 907 1352 bene
939 1289 996 1354 sit
1027 1288 1116 1368 tibi,
1151 1291 1191 1354 et
1222 1291 1277 1355 sis

146 1394 371 1478 longaeuus
404 1414 523 1478 super
554 1397 709 1460 terram.
751 1393 851 1478 igitur
881 1393 913 1458 in
945 1394 1103 1461 mundatis
1135 1396 1198 1461 hoo
1230 1400 1317 1464 estro

145 1500 280 1583 primum
312 1501 505 1580 mundatum,
537 1501 621 1584 quod
648 1501 763 1566 habeat
788 1502 868 1566 huno
896 1521 990 1586 quam
1018 1521 1114 1584 supra
1141 1502 1276 1567 diximus

146 1607 396 1690 promissionem.

458 1809 510 1864 nn
534 1770 967 1865 rnnssnnonronnsns.

188 1921 215 1986 Ι.
239 1917 323 2000 Quid
345 1919 407 1984 sibi
428 1919 501 1982 uult
521 1916 613 1995 illud,
637 1915 720 1998 quod
743 1915 916 1981 scribitur:v
931 1916 1121 1999 spiritum
1144 1922 1276 1988 nolite

147 2025 408 2111 extinguere?
1292 2047 1318 2090 u

187 2130 389 2214 Extinguere,
419 2128 453 2193 id
484 2131 535 2194 est
563 2127 673 2213 fugare
703 2146 760 2209 per
796 2145 888 2209 opera
922 2127 1110 2210 iniquitatis.
1155 2132 1275 2199 Dauid:

147 2236 337 2320 spiritum
360 2236 542 2300 sanetum
563 2233 675 2299 tuum
697 2252 743 2297 ue
767 2231 927 2298 auferes
950 2252 969 2297 a
990 2251 1058 2298 me.
1215 2253 1217 2258 ·

189 2342 230 2410 Π.
255 2339 406 2423 Sequitur
425 2339 618 2424 poulo-post
638 2339 669 2404 in
694 2337 821 2403 eodem:
849 2339 892 2401 ut
918 2337 1078 2423 integer
1100 2340 1276 2423 spiritus

146 2452 285 2514 noster
316 2448 355 2511 et
385 2445 514 2511 unimu
545 2447 585 2511 ot
613 2463 757 2527 eorpus
781 2443 866 2508 siue
889 2444 1053 2527 querela
1074 2445 1113 2511 in
1137 2447 1275 2514 eduen

145 2557 227 2618 tum
255 2551 406 2618 domini
432 2551 564 2619 nostri
585 2552 678 2616 Iesu
702 2550 857 2616 christi
880 2554 1082 2628 seruetur3
1115 2553 1192 2634 quid
1224 2554 1275 2620 hio
1292 2577 1318 2620 ro

145 2657 394 2744 intellegendum
417 2659 489 2724 est?

191 2766 343 2849 Spiritum
374 2763 427 2828 hio
448 2763 536 2830 ‘uicit
565 2758 658 2828 illum
689 2762 799 2847 utiquo
831 2764 985 2840 sonetum,
1018 2763 1055 2828 de
1088 2783 1149 2846 quo
1182 2784 1277 2849 supra

146 2872 282 2941 dixerat:
314 2858 578 2954 spiritumnolite
601 2869 790 2952 extinguere.
814 2868 869 2950 qui
891 2868 1018 2951 quidem
1045 2888 1118 2934 oum
1144 2870 1176 2935 iu
1200 2873 1275 2937 sub-

146 2977 262 3042 stantia
276 2995 335 3042 sue
346 2995 408 3041 non
426 2975 530 3059 possit
547 2975 695 3059 extingui,
714 2973 908 3058 extinguitur
925 2975 1027 3053 nobis,
1047 2993 1118 3040 oum
1137 2976 1275 3042 aufertur

146 3083 289 3150 anobis.
326 3081 443 3148 donum
470 3068 604 3164 numque
632 3080 700 3145 eius
726 3081 780 3144 uel
807 3079 909 3162 grutio
929 3079 962 3145 in
985 3080 1166 3148 hominibus
1189 3082 1274 3147 siout
1289 3101 1320 3148 rs

146 3207 255 3253 eorum
276 3187 449 3253 uirtutibus
472 3187 663 3264 accenditur,
686 3187 731 3250 ita
753 3204 862 3251 sorum
884 3177 973 3251 uitiis
996 3186 1197 3271 extinguitur.
1221 3188 1274 3253 alii

144 3293 296 3359 udsemnt
323 3286 469 3378 spiritum
496 3293 548 3359 hio
574 3292 798 3376 uooipiendum
818 3311 887 3357 esse
914 3292 1034 3357 animae
1060 3292 1162 3376 ipsius
1184 3293 1273 3359 iutel-

139 3399 264 3465 ·leotnm
297 3403 391 3484 atque
423 3400 618 3482 sapientiem,
651 3399 689 3464 de
720 3417 782 3481 quo
815 3398 875 3463 ulio
901 3398 971 3463 loeo
998 3397 1083 3462 idem
1110 3400 1272 3483 apostolus

234 3641 316 3700 9131.
335 3641 379 3707 20,
399 3642 432 3696 12
474 3639 539 3721 14¹1
556 3633 688 3704 meast,
703 3639 736 3693 19
778 3638 925 3704 msto,
939 3639 974 3692 13
1020 3637 1053 3693 18
1064 3638 1185 3695 iThess.
1197 3639 1222 3705 5,
1237 3639 1272 3695 23

181 3842 311 3900 stamus
329 3843 355 3896 r
400 3842 463 3897 sin
481 3842 601 3914 amur
652 3841 686 3896 1o
699 3808 831 3912 longinus
844 3842 872 3895 Ρ
925 3841 958 3896 13
975 3842 1116 3910 imcriptio
1133 3842 1272 3896 tumor

145 3932 234 3986 solum
250 3930 283 3986 iot
299 3930 358 3986 eod.
377 3930 445 3988 Par.
464 3932 546 3998 2182,
564 3929 597 3984 io
611 3929 706 3984 ceteris
723 3928 802 3984 deest.
860 3929 895 3983 14
911 3928 979 3983 illud
996 3944 1047 3983 ooo.
1066 3928 1124 3982 AV
1175 3930 1208 3983 15
1227 3937 1282 3981 ex-·

145 4019 270 4125 tiuggere
288 4017 411 4074 oonAV
498 4017 530 4071 17
545 4017 671 4073 sierusP
753 4016 785 4072 18
804 4018 844 4088 ut]
865 4017 960 4071 etAV
1030 4016 1064 4070 19
1083 4015 1274 4092 querellsAV

146 4133 181 4189 ut
199 4137 309 4189 oserunt
325 4134 353 4187 P
