2902 4636
157 380 219 444 166
423 377 449 431 S.
476 375 659 430 Eucherii
685 375 961 446 Lugdunensis

153 570 301 650 militum,
333 570 387 651 qui
409 569 544 635 Thebaei
577 570 822 652 appellabantur.
854 569 937 654 legio
970 572 1076 634 autem
1099 569 1274 635 uocabatur

155 695 233 758 quae
263 677 339 740 tune
371 694 423 741 sex
454 675 542 740 milia
573 694 608 741 ac
641 679 800 741 sexcentos
832 675 918 741 uiros
945 675 976 740 in
1005 676 1098 741 armis
1130 676 1274 753 habebat,

153 780 186 844 hi
208 780 239 845 in
263 779 412 845 auxilium
427 780 613 846 Maximiano
637 781 675 845 ab
692 778 828 844 Orientis
846 780 987 863 partibus
1007 780 1099 845 aeeiti
1117 782 1274 860 uenerant,

152 884 213 949 uiri
234 884 267 951 in
288 886 382 951 rebus
403 885 526 951 bellicis
550 886 668 950 strenui
688 889 720 950 et
737 885 854 949 uirtute
877 885 1007 963 nobiles,
1026 885 1088 950 sed
1109 886 1274 952 nobiliores

153 991 229 1067 fide3
258 1011 332 1076 erga
356 992 574 1075 imperatorem
600 991 792 1067 fortitudine,
821 1010 895 1075 erga
918 991 1086 1058 Christum*
1109 991 1273 1057 deuotione
1298 1010 1310 1053 1

154 1097 321 1163 certabant.
346 1097 521 1183 euangelici
534 1098 692 1182 praecepti
707 1097 801 1162 etiam
820 1097 879 1162 sub
898 1097 991 1162 armis
1010 1117 1070 1164 non
1089 1098 1273 1162 inmemores

151 1202 322 1268 reddebant
358 1221 437 1285 quae
470 1202 520 1267 dei
552 1205 639 1268 erant
670 1202 748 1282 deo,
787 1204 819 1267 et
857 1221 935 1285 quae
968 1201 1109 1269 Caesaris
1153 1200 1274 1268 Caesari

152 1307 369 1375 restituebant.
406 1308 512 1391 itaque
541 1326 613 1373 cum
641 1310 674 1373 et
700 1308 733 1372 hi
762 1307 846 1372 sieut
869 1307 963 1373 ceteri
985 1307 1123 1372 militum
1147 1307 1187 1372 ad
1209 1327 1273 1390 per·

150 1413 333 1479 trahendam
369 1412 618 1479 Christianorum
662 1412 898 1480 multitudinem
944 1413 1184 1492 destinarentur,
1216 1412 1274 1479 soli

152 1518 347 1585 crudelitatis
370 1518 580 1583 ministerium
599 1520 769 1583 detrectare
787 1517 856 1582 ausi
874 1519 948 1582 sunt
965 1520 1059 1600 atque
1075 1517 1171 1583 huius
1189 1517 1272 1584 modi
1287 1537 1309 1579 a

150 1623 324 1708 praeceptis
348 1642 381 1688 se
405 1622 674 1705 obtemperaturos
696 1625 821 1707 negant.
858 1622 1066 1687 Maximianus
1093 1640 1155 1687 non
1182 1623 1272 1708 longe

151 1731 274 1806 aberat;
305 1748 378 1793 nam
406 1747 441 1793 se
468 1728 549 1793 circa
573 1728 764 1794 Octodorum
795 1727 908 1792 itinere
930 1728 1035 1792 fessus
1058 1728 1197 1806 tenebat,
1220 1728 1272 1793 ubi

150 1855 223 1902 cum
246 1835 351 1918 siper
377 1833 504 1898 nuntios
537 1834 675 1898 delatum
707 1836 792 1899 esset
820 1832 979 1917 legionem
1000 1833 1080 1898 hanc
1107 1833 1272 1899 aduersum

149 1940 297 2006 mandata
313 1938 401 2022 regia
421 1939 569 2004 rebellem
590 1939 623 2002 in
638 1939 878 2024 Agaunensibus
902 1939 1056 2024 angustiis
1080 1938 1271 2018 substitisse,

149 2046 181 2111 in
198 2045 334 2111 furorem
351 2043 505 2109 instinctu
522 2043 744 2128 indignationis
764 2043 886 2109 exarsit.
912 2043 967 2109 sed
989 2043 1068 2108 mihi
1089 2042 1271 2127 priusquam
1287 2066 1310 2109 is

149 2152 271 2234 reliqua
308 2168 545 2228 conmemorem
586 2151 666 2215 situs
704 2150 766 2215 loci
804 2150 871 2215 eius
908 2148 1052 2226 relationi
1089 2149 1271 2214 inserendus

149 2257 285 2322 uidetur.
470 2328 472 2331 ,

193 2362 249 2428 ΠΙ.
277 2363 427 2447 Agaunus
459 2361 620 2446 sexaginta
650 2361 746 2427 ferme
778 2360 907 2426 milibus
937 2380 956 2426 a
988 2360 1165 2427 Genauensi
1198 2361 1271 2425 urbe

151 2470 248 2547 abest,
281 2468 531 2551 quattuordecim
562 2486 637 2533 uero
668 2467 797 2533 milibus
830 2468 972 2533 distata
999 2466 1272 2550 capiteLemanni

148 2577 236 2640 lacus
268 2592 361 2655 quem
392 2573 495 2638 influit
526 2572 705 2637 Rhodanus.
737 2572 826 2638 locus
858 2573 926 2656 ipse
957 2573 1020 2637 iam
1051 2572 1133 2637 inter
1158 2571 1271 2655 Alpina
1286 2594 1311 2636 ro

148 2681 223 2765 iuga
244 2680 275 2744 in
298 2680 383 2744 ualle
406 2678 487 2744 situs
511 2681 559 2742 est
591 2677 629 2742 ad
654 2697 746 2760 quem
768 2679 971 2763 pergentibus
995 2677 1116 2742 difficili
1138 2676 1271 2742 transitu

148 2805 293 2874 asperum
326 2786 420 2866 atque
452 2787 555 2848 artum
586 2783 647 2849 iter
676 2783 832 2866 panditur.
865 2783 1000 2849 infestus
1032 2801 1168 2864 namque
1190 2783 1271 2848 Rho-

149 2892 247 2958 danus
270 2889 373 2955 saxosi
395 2889 511 2954 montis
534 2889 693 2954 radicibus
713 2890 764 2954 uix
782 2891 926 2971 peruium
945 2889 1106 2954 ulantibus
1125 2906 1270 2973 aggerem

147 2996 284 3078 reliquit.
321 2995 433 3061 euietis
463 2994 719 3079 transmissisque
751 2995 964 3079 angustiarum
995 2993 1137 3059 faucibus
1166 2993 1270 3058 subito

147 3121 204 3168 nee
236 3100 366 3185 exiguus
398 3102 479 3165 inter
508 3100 662 3166 montium
694 3119 787 3182 rupes
819 3119 949 3184 campus
973 3100 1120 3181 aperitur.
1156 3098 1188 3163 in
1212 3099 1270 3163 hoc
1285 3124 1311 3166 ss

147 3206 230 3291 legio
258 3207 365 3270 sancta
392 3205 583 3272 consederat.
619 3204 726 3289 igitur,
751 3204 836 3269 sicut
858 3223 953 3288 supra
975 3203 1119 3282 diximus,
1144 3203 1268 3288 cognito

27 3344 28 3347 ¹
147 3309 355 3378 Maximianus
378 3310 593 3377 Thebaeorum
624 3329 775 3393 responso
806 3310 971 3392 praecipiti
993 3310 1039 3374 ira
1060 3308 1200 3374 feruidus
1231 3307 1268 3373 ob

512 3469 543 3500 net
1186 3464 1234 3499 hut

183 3509 308 3566 lthebei
325 3510 355 3565 D
415 3509 553 3582 Saecimi
570 3509 600 3565 D
662 3509 836 3580 ichristum]
858 3509 936 3564 deum
953 3509 984 3564 D
1041 3509 1190 3563 drestitue
1242 3508 1271 3563 P

148 3624 181 3681 10
200 3625 364 3681 detraectare
382 3627 410 3679 P
426 3625 570 3680 detractari
587 3624 618 3679 D
653 3626 684 3678 11
705 3591 936 3695 odtemperaturos
953 3625 981 3678 P
999 3626 1028 3695 (p
1046 3641 1081 3678 as.
1099 3625 1137 3691 2.)
1176 3624 1209 3678 13
1228 3623 1267 3677 di-

145 3714 231 3768 latum
248 3713 278 3768 D
319 3712 693 3784 1eagaunensibus]his1)
764 3712 939 3785 substitissesl
956 3713 987 3768 D
1036 3713 1069 3767 15
1086 3712 1115 3766 iu
1132 3709 1222 3766 lurore
1240 3712 1268 3764 et

145 3827 297 3900 instinctuls
314 3828 345 3883 D
431 3829 504 3898 prius
522 3828 589 3882 mihi
607 3844 686 3898 quam
704 3827 734 3882 D
822 3829 855 3883 16
873 3793 1065 3883 cohmemorem
1078 3826 1107 3880 P
1120 3829 1157 3893 (m
1174 3842 1209 3880 ra.
1228 3824 1266 3894 2.)

147 3943 180 4000 18
198 3943 337 4015 Agsunus]
354 3943 429 3998 loeus
447 3943 493 3997 ille
512 3942 731 4046 agensluenset'D
784 3944 818 3998 19
836 3943 930 3998 limani
943 3943 971 3996 P
1038 3907 1225 4013 liuliannilahs
1237 3939 1267 3994 D

144 4057 179 4113 20
197 4060 241 4128 qui
261 4057 351 4112 influit
368 4056 497 4111 rodanum
515 4057 545 4112 D
615 4057 649 4110 22
668 4056 791 4128 adqueP
809 4057 889 4124 (corr.
903 4074 937 4112 m.
952 4058 991 4125 2.)
1037 4057 1098 4126 art]
1117 4054 1267 4110 arduumD

145 4146 180 4201 25
197 4162 246 4201 nee
264 4163 315 4202 sm.
332 4145 362 4200 D
448 4146 574 4200 hocloco
592 4145 623 4200 D
640 4145 708 4216 (loco
725 4146 919 4215 suprascripsit
936 4163 970 4201 m.
990 4146 1029 4212 2.)
1119 4143 1153 4198 27
1172 4143 1265 4202 thebe·

27 4247 28 4251 ¹
145 4276 220 4314 orum
236 4259 267 4315 D
335 4226 477 4331 praecipiti
494 4260 522 4315 P
539 4262 583 4329 (m.
602 4260 641 4326 2.)
712 4259 791 4315 ferire
808 4259 839 4315 D
913 4345 919 4363 .
