2902 4636
514 212 828 306 Instructionum
851 253 915 308 lib.
938 254 959 307 1.
1234 261 1294 324 lO't'

216 441 290 506 ideo
328 443 411 524 quod
448 445 527 508 alter
558 444 730 509 secundum
766 448 918 522 naturam,
948 447 1026 511 aiter
1062 448 1090 511 ei
1127 449 1296 514 secundum

173 548 275 632 legem
298 552 386 630 pater
407 549 511 613 fuerit.
536 550 728 615 consuetudo
752 570 885 633 namque
909 551 992 634 apud
1010 553 1142 618 Iudaeos
1167 559 1294 639 exlege

174 659 247 728 erat,
272 657 307 718 nt
331 653 471 719 defuncti
492 655 596 720 fratris
619 675 744 720 uxorem
763 656 802 720 ad
821 656 1037 722 suscitandum
1061 678 1166 724 semen
1191 679 1295 741 super-

173 762 238 824 stes
270 760 365 824 frater
397 760 561 842 acciperet,
593 760 686 826 Iacob
719 781 791 847 ergo
824 765 918 844 atquc
945 764 1018 828 Heli
1045 765 1159 829 uterini
1185 766 1294 830 fratres

148 863 313 953 sfuerunt,
352 885 483 947 qnorum
517 867 673 950 superiore
706 867 852 933 defuncto
888 870 1042 952 posterior
1071 889 1149 934 usus
1182 876 1231 935 est
1262 891 1297 942 ex

171 970 241 1053 lege
273 972 429 1055 coniugio.
461 973 493 1036 in
525 992 632 1038 eorum
664 973 946 1040 conmemoratione
974 975 1153 1040 Matthaeus
1181 976 1293 1057 Ioseph

171 1077 346 1158 prosapiam
378 1097 434 1160 per
464 1079 581 1162 regiam
615 1078 764 1162 originem
796 1080 904 1157 texuit,
933 1080 1033 1146 Lucas
1065 1081 1294 1164 generationem

171 1181 239 1246 eius
277 1183 460 1247 sacerdotali
498 1185 697 1249 successione
735 1184 870 1251 deduxit.
913 1190 1001 1268 pater
1040 1189 1144 1251 tamen
1180 1187 1294 1269 Ioseph

171 1288 344 1352 secundnm
367 1291 509 1352 naturam
532 1290 610 1353 haut
632 1289 726 1354 dubie
749 1290 841 1355 Iacob
864 1291 934 1355 fuit.

131 1423 154 1460 n·
215 1392 288 1457 IIII.
313 1391 414 1472 Quare
436 1395 467 1457 in
492 1395 653 1479 euangelio
676 1396 776 1461 Maria
797 1397 911 1479 Ioseph
936 1397 1046 1461 coniux
1070 1397 1192 1462 dicitur.

217 1497 417 1564 Consuetudo
450 1504 499 1564 est
530 1502 763 1582 scripturarum,
796 1505 833 1566 nt
863 1503 957 1566 etiam
994 1522 1124 1585 sponsas
1159 1504 1294 1586 appellet

170 1623 291 1669 uxores.

216 1710 253 1774 V.
279 1708 360 1788 Quid
380 1724 438 1787 est,
458 1711 539 1793 quod
558 1712 708 1796 legimus:
732 1712 812 1793 ipse
835 1731 901 1778 uos
924 1713 1134 1794 baptizabit
1156 1713 1291 1796 spiritu

171 1819 301 1879 sancto
327 1819 361 1879 et
384 1816 485 1900 igni?

128 1951 152 1989 ιι
217 1919 298 1998 Quia
318 1941 374 2003 per
396 1922 542 2003 spiritum
565 1926 708 1987 sanctum
732 1923 784 1986 uel
806 1926 934 2005 peccata
960 1927 1128 1988 exuruntur
1149 1923 1180 1987 in
1203 1924 1291 1989 nobis

174 2027 224 2089 uel
257 2026 462 2092 sanctificatio
494 2028 643 2092 tribuitur
674 2029 727 2093 uel
759 2029 896 2093 caritatis
928 2029 959 2092 in
990 2029 1188 2111 passionibus
1217 2029 1293 2093 tole-

170 2131 274 2196 randis
310 2133 414 2196 feruor
450 2133 638 2198 accenditur.
680 2136 735 2197 aut
770 2136 853 2199 certe
889 2134 962 2216 quia
998 2134 1109 2216 spiritu
1144 2134 1292 2216 baptizati

171 2236 276 2301 diuino
300 2238 415 2304 indicio
440 2239 691 2303 examinabimur.
716 2241 790 2304 sunt
808 2239 861 2320 qui
879 2239 985 2304 dicant
1003 2240 1161 2323 apostolos
1180 2240 1291 2322 spiritu

170 2346 277 2416 sancto
299 2345 577 2426 baptizatosesse,
602 2364 672 2410 cum
696 2364 789 2427 super
812 2364 865 2410 eos
886 2345 968 2429 ignis
992 2345 1186 2427 adparuerit?

124 2482 151 2520 so
214 2448 267 2514 VI.
296 2447 436 2527 eraliter
468 2450 682 2534 accipiendum
711 2454 760 2514 est
787 2450 824 2514 de
852 2451 1013 2514 columbae
1043 2451 1131 2514 illins
1164 2468 1289 2531 corpore

167 2556 200 2620 in
215 2574 276 2636 qua
290 2556 328 2618 ad
343 2557 531 2620 saluatorem
547 2557 676 2638 spiritus
691 2555 791 2620 sancti
808 2556 912 2637 patuit
933 2555 1099 2620 manifesta
1118 2555 1288 2632 descensio,

168 2661 275 2723 utrum
294 2664 364 2725 ante
382 2662 445 2725 iam
463 2662 567 2739 fuerit,
588 2681 625 2724 an
645 2660 683 2724 ad
701 2665 826 2743 tempus
840 2661 958 2725 factum
974 2661 1079 2725 subito
1094 2659 1289 2741 adposuerit?

194 2815 196 2819 «
213 2766 329 2848 Utique
354 2767 391 2830 ad
414 2770 539 2849 tempus
563 2769 736 2831 ostensum.
759 2786 829 2831 nam
849 2770 886 2830 ut
904 2766 1027 2849 signum
1046 2765 1171 2830 uisibile
1191 2765 1291 2830 sancti

170 2871 297 2952 spiritus
335 2873 388 2954 qui
425 2876 490 2936 erat
525 2872 694 2936 inuisibilis
734 2876 973 2950 monstraretur,
1014 2891 1125 2936 uerum
1166 2870 1290 2952 quidem

123 3008 150 3048 εὖ
169 2994 281 3060 corpus
301 2978 463 3041 columbae
480 2979 566 3042 iilius
589 2998 645 3060 per
663 2977 800 3041 diuinam
823 2979 1007 3060 potentiam,
1031 2977 1134 3042 sedin
1152 2979 1290 3058 tempore

169 3083 287 3146 factum
310 3083 348 3146 ad
371 3084 479 3149 horam
498 3083 677 3166 adparuisse
696 3102 732 3147 ac
750 3082 896 3164 deinceps
920 3082 1080 3146 destitisse
1103 3081 1290 3146 credendum

170 3191 227 3252 est.
256 3189 360 3271 angeli
385 3207 460 3252 nero
488 3208 560 3253 cum
588 3207 621 3252 se
649 3187 792 3251 humanis
820 3187 952 3251 offerunt
980 3187 1089 3262 oculis,
1113 3185 1289 3264 creduntur,

168 3296 205 3356 ut
236 3295 428 3376 quorundam
460 3295 562 3377 opinio
595 3298 653 3368 est,
687 3312 722 3357 er
758 3294 820 3357 isto
861 3293 1011 3358 crassiore
1048 3312 1126 3371 aare,
1159 3291 1195 3360 id
1232 3295 1289 3368 est,

168 3399 271 3464 uicino
290 3401 380 3464 terris
396 3399 434 3464 ad
451 3419 598 3482 praesens
617 3418 728 3482 corpus
748 3399 922 3463 adsumere.
945 3417 1035 3482 porro
1056 3402 1159 3463 autem
1179 3416 1290 3463 uocem

992 3615 997 3654 Ι

259 3703 291 3755 10
311 3701 417 3770 (nater.
439 3703 461 3764 ι,
480 3701 525 3768 ao)
599 3700 630 3753 13
649 3699 686 3753 ιι.
704 3701 730 3764 3,
750 3701 782 3752 11
854 3699 888 3753 eo
906 3697 953 3766 nn.
971 3699 996 3763 a,
1016 3699 1049 3752 ro
1068 3699 1102 3766 cf.
1121 3697 1183 3751 nuc.
1203 3697 1228 3764 a,
1246 3697 1289 3765 aa)

205 3861 402 3915 2iudeosAV
487 3852 652 3930 3superstis
670 3858 697 3911 P
765 3857 852 3910 9han
872 3856 951 3910 dubie
968 3857 996 3910 P
1066 3856 1095 3909 11
1121 3871 1245 3924 sponsam
1262 3858 1290 3910 A

171 3995 202 4048 12
221 4011 326 4047 uxorem
344 3996 371 4047 A
425 3994 457 4048 1t
476 3948 615 4062 passibbns
632 3991 659 4044 P
741 3988 944 4043 tollerandisV
997 3989 1029 4043 18
1048 3986 1243 4042 examinabitur
1265 3987 1288 4038 V

170 4123 425 4179 examinabunturA
493 4124 524 4177 21
545 4122 712 4177 discensioP
778 4121 812 4174 26
831 4075 943 4174 destibse
952 4120 979 4174 P
1043 4118 1077 4172 28
1096 4120 1291 4189 grassioreAb'
