2902 4636
227 243 256 306 X
681 242 897 297 Praefatio.

228 435 420 500 aestimando
435 435 585 517 deceptus
601 435 644 499 sit
658 436 770 501 doctus
784 437 837 500 ille
853 437 1030 502 cardinalis.
1045 439 1136 503 triste
1150 418 1230 501 illud
1243 437 1355 514 fatum,

114 555 116 558 ’
229 541 312 624 quod
342 542 404 606 iam
437 543 547 606 multis
577 543 615 606 de
641 561 673 606 re
702 541 810 607 critica
836 544 1057 609 benemeritis
1081 545 1260 609 hominibus
1285 563 1355 608 oon·

227 648 311 731 tigit,
334 666 373 711 ne
396 648 482 711 Pitra
505 648 631 730 quidem
654 650 771 713 euitare
794 651 908 732 potuit.
932 669 1120 732 quamquam
1147 650 1266 734 patriae
1290 652 1356 714 erat

228 753 473 831 amantissimus,
498 773 559 817 non
581 753 709 819 Parisiis
729 755 783 819 sed
803 758 887 820 extra
904 756 1036 838 patriam
1055 756 1214 840 quaesiuit
1231 756 1354 820 codices

228 858 449 924 Eucherianos.
478 859 567 924 99199
593 860 711 924 991119
736 861 847 925 diebus
871 880 942 925 eum
964 863 1147 944 paeniteret,
1172 862 1199 926 si
1220 862 1354 925 uiueret.

228 965 344 1028 namin
361 984 397 1029 99
409 966 485 1029 9919
506 967 607 1030 eistat
624 967 656 1030 in
675 967 874 1046 bibliotheca,
890 986 968 1049 9999
986 969 1161 1050 appellatur
1178 967 1355 1045 nationalis,

186 1057 350 1135 Pcoder
381 1069 435 1136 Nr.
469 1071 555 1135 9550
588 1068 627 1147 P,
660 1089 752 1152 quem
786 1072 964 1153 Leopoldns
986 1069 1038 1136 “de
1075 1073 1193 1136 Delisle
1230 1073 1354 1137 saeculo

230 1176 363 1258 septimo
374 1178 426 1240 uel
441 1178 553 1240 octauo
568 1177 694 1241 ineunte
710 1177 862 1260 scriptum
878 1197 947 1243 9999
958 1178 1130 1254 contendit;
1145 1179 1173 1242 is
1188 1182 1292 1242 autem
1302 1177 1356 1260 991

231 1283 409 1366 catalogum
431 1301 525 1346 manu
550 1283 702 1365 scriptum
725 1283 756 1347 in
781 1283 970 1348 bibliotheca
993 1284 1193 1349 adseruatum
1213 1283 1346 1348 confecit

230 1407 300 1453 eum
325 1391 450 1455 saeculo
468 1389 522 1453 VI.
543 1390 702 1454 adtribuit.
729 1409 766 1453 en
786 1409 865 1472 quae
883 1390 974 1454 nobis
996 1390 1253 1454 bibliothecarius
1271 1389 1356 1453 Pari-

230 1495 317 1560 sinus
345 1495 547 1567 doctissimus
575 1496 613 1560 dc
641 1495 708 1560 9199
736 1495 868 1561 11919919
894 1497 926 1559 19
953 1496 1033 1561 11199
1062 1496 1279 1560 celeberrimo:
1313 1496 1356 1559 Le

231 1601 354 1666 cabinet
376 1601 431 1667 des
454 1602 642 1666 manuscrits
666 1601 704 1665 (19
726 1602 758 1664 19
780 1601 995 1682 bibliotheque
1018 1602 1183 1667 nationale.
1207 1601 1295 1666 Tom.
1314 1602 1354 1665 Π.

229 1728 260 1790 p.
282 1710 321 1773 15
340 1708 449 1771 tradit:
475 1708 522 1772 Un
545 1709 609 1771 tres
637 1707 744 1771 ancien
772 1707 945 1770 manuscrit
967 1707 1020 1772 des
1045 1726 1197 1790 ouvrages
1218 1707 1255 1770 de
1275 1708 1357 1772 saint

230 1813 362 1890 nochor,
387 1813 446 1876 ure
469 1812 507 1876 oe
530 1814 561 1876 n
583 1811 796 1894 9999999999
819 1813 855 1876 oe
884 1811 1104 1877 99999999
1129 1811 1173 1898 (n
1205 1798 1355 1878 comitatu

230 1918 453 2001 Burgundios),
477 1918 560 1982 avait
582 1917 631 1981 e'td
653 1919 740 2000 porte
763 1936 803 1980 99
828 1917 925 2000 Corps
949 1919 1114 2002 1991919111.
1137 1919 1355 1984 1119119999-

229 2023 293 2087 19191
316 2022 335 2086 a
356 2024 388 2087 la
414 2023 634 2105 Bibliothbque
665 2023 821 2088 nationale
848 2026 877 2088 le
901 2025 942 2086 22
966 2026 1132 2089 novembre
1156 2025 1262 2088 1804‘.
1289 2023 1354 2099 (cf.

238 2129 356 2212 1799999
370 2127 519 2193 litterales
532 2130 570 2193 dc
583 2130 663 2193 91999
677 2127 836 2213 1191191999
849 2128 1058 2194 Benedictus.
1074 2128 1183 2193 Portis
1196 2129 1224 2193 I.
1238 2151 1273 2210 p.
1293 2133 1334 2192 17
1336 2133 1357 2191 7

232 2237 265 2300 91
289 2233 499 2314 Bibliothecae
525 2236 563 2299 de
589 2233 685 2299 199919
712 2234 764 2299 des
791 2236 918 2302 9199199.
954 2235 1045 2319 171991
1072 2236 1222 2300 1991919999
1249 2241 1355 2300 99999.

230 2363 262 2422 p.
287 2343 377 2423 475).
499 2408 500 2412 ,

276 2446 378 2512 Codex
395 2446 508 2529 longus
526 2448 601 2510 0·26
616 2449 706 2510 metr.
722 2449 754 2512 et
767 2448 864 2512 o·155
883 2450 972 2513 metr.
992 2449 1087 2526 latus,
1107 2448 1196 2512 cuius
1216 2446 1357 2530 singulae

232 2553 362 2636 paginae
385 2551 566 2616 nicenorum
589 2554 748 2616 ternorum
769 2572 918 2617 uersuum
940 2558 1025 2632 sunt,
1050 2554 1187 2617 continet
1209 2551 1356 2626 9319119,

233 2677 365 2740 quorum
383 2657 415 2721 in
435 2656 475 2719 86
495 2656 611 2738 scripta
628 2657 773 2722 Eucherii
788 2657 821 2740 (1.
838 2660 973 2723 4·-37“
986 2659 1151 2722 Eormulao
1165 2657 1187 2721 1.
1203 2654 1358 2720 {tlh—80·

232 2763 468 2840 Instructiones,
495 2761 517 2828 f.
546 2761 601 2826 80b
623 2762 758 2845 epistula
792 2763 932 2828 Saluiani
960 2764 998 2828 ad
1029 2762 1228 2841 Eucherium,
1257 2762 1278 2827 f.
1303 2763 1358 2826 81·

233 2870 368 2952 epistula
393 2868 506 2936 Hilarii
534 2871 573 2935 ad
600 2870 799 2949 Eucherium,
826 2870 848 2935 1.
878 2867 1033 2933 alb-86·
1058 2868 1167 2933 Passio
1194 2868 1358 2950 Agaunen-

234 2976 315 3042 sium
338 2976 519 3057 martyrum,
550 2975 571 3040 f.
605 2975 693 3040 86²⁴
721 2977 857 3059 epistula
887 2974 1033 3039 Eucherii
1065 2975 1103 3038 ad
1131 2972 1297 3059 Saluium),
1324 2973 1358 3037 in

232 3081 361 3163 reliquis
393 3081 543 3145 nonnulla
578 3082 731 3164 99999919
766 3081 945 3163 theologica
976 3098 1070 3142 manu
1098 3098 1122 3143 s.
1150 3079 1204 3143 IX.
1237 3081 1359 3144 exarata

231 3188 389 3270 leguntur.
425 3187 548 3252 litterae
585 3189 660 3252 sunt
694 3205 773 3270 quae
810 3186 1006 3267 appellantur
1041 3185 1190 3261 unciales,
1228 3201 1359 3266 quarum

234 3291 390 3374 specimen
427 3294 581 3375 optimum
618 3293 705 3356 dedit
738 3292 858 3356 Delisle
894 3291 943 3354 Le
980 3290 1148 3356 Cabinet
1175 3290 1275 3354 Tom.
1312 3289 1360 3353 ΙΙΙ

233 3419 264 3480 p.
288 3399 351 3462 226
385 3401 423 3463 et
450 3399 523 3463 227.
556 3399 732 3462 Planche
764 3397 848 3460 XVI.
873 3395 1025 3479 scriptura
1052 3397 1197 3461 continua
1224 3397 1273 3460 est
1298 3395 1360 3459 nisi

235 3503 318 3586 quod
341 3505 436 3568 uerba
458 3504 614 3568 interdum
636 3502 761 3586 punctis
785 3501 1015 3569 discernuntur.
1039 3501 1287 3586 contignationes
1309 3501 1360 3565 111

232 3613 369 3674 terarum
401 3629 461 3674 non
494 3610 612 3673 multae
644 3609 718 3672 sunt
749 3609 842 3690 atque
874 3608 1000 3672 eaedem
1033 3608 1097 3673 fere
1125 3627 1204 3690 quae
1232 3607 1301 3671 aliis
1328 3607 1360 3671 in

235 3716 395 3781 codicibus
422 3717 509 3781 illius
538 3715 650 3779 aetatis
679 3719 853 3791 occurrunt,
878 3715 1063 3798 compendia
1089 3715 1259 3798 scripturae
1287 3717 1362 3778 sunt

234 3842 341 3904 99999,
369 3823 405 3888 B.
430 3824 461 3886 91
487 3820 521 3900 Q.
544 3840 600 3902 pro
620 3821 693 3884 bus
726 3823 759 3884 ct
784 3840 868 3903 que,
895 3821 1162 3886 deiude-lineola
1183 3820 1215 3883 in
1238 3820 1360 3884 ultimis

236 3929 340 3993 uerbis
361 3931 415 3992 ant
432 3926 575 3991 uersibus
600 3926 713 4008 posita,
734 3946 795 4008 qua
816 3948 848 3990 m
870 3927 975 3992 littera
994 3926 1196 4010 significatur.
1222 3925 1361 3990 codicem

237 4037 269 4099 et
298 4036 376 4099 1999
409 4033 558 4114 scripturn
589 4035 620 4097 91
648 4037 866 4098 conseruatum
894 4053 963 4099 esse
991 4053 1051 4098 non
1085 4033 1272 4115 negauerim,
1300 4032 1362 4096 nisi

239 4140 322 4222 quod
339 4140 390 4203 hic
404 4139 470 4203 illic
484 4139 607 4202 litterae
623 4142 824 4205 euanuerunt.
844 4140 1048 4204 correctiones
1068 4139 1198 4202 duarum
1212 4156 1361 4202 manuum
