2902 4636
517 259 830 316 Instructicnum
853 258 918 314 lib.
942 259 965 314 1.
1241 263 1303 327 109

220 455 260 518 Χ.
281 452 363 533 Quid
380 452 628 537 intellegendum
647 454 782 526 estlccc
800 453 856 518 illc
874 453 906 518 in
926 473 986 536 quo
1007 454 1166 519 scribitur:
1188 458 1301 532 crate,

180 578 221 624 ne
245 559 316 623 liat
337 560 426 644 fuga
448 562 576 624 uestra
598 558 718 623 hieme
741 559 802 624 uel
825 559 1003 634 sabbato?

220 699 399 765 Secundum
431 701 594 765 historiam
624 698 670 764 ita
700 700 948 783 intellegendum
981 705 1039 778 est,
1072 719 1109 765 ne
1141 700 1196 765 fiat
1226 700 1302 785 fuga

175 810 282 871 uestra
299 806 411 885 hieme,
430 805 540 883 idest,
560 826 597 870 ne
616 805 779 872 tribulatio
797 805 890 890 fugae
912 806 1063 889 temporis
1087 807 1303 873 accumuletur

148 911 294 978 riniuria.
327 931 366 976 ne
393 911 448 975 fiat
475 911 551 994 fuga
581 914 687 975 uestra
718 911 861 976 sabbato:
894 930 932 976 ne
960 931 996 977 ec
1023 912 1134 994 utique
1161 912 1211 977 die
1239 931 1299 994 quc

173 1016 286 1082 habere
312 1017 452 1099 requiem
478 1016 735 1098 uacationemque
759 1017 945 1084 consuestis.
974 1020 1007 1081 at
1028 1036 1103 1082 uero
1126 1018 1298 1082 secundum

172 1121 369 1187 intellectum
392 1122 593 1204 superiorem,
613 1141 652 1187 ne
670 1123 724 1187 fiat
741 1123 817 1207 fuga
838 1124 945 1187 uestra
967 1121 1071 1187 hieme
1093 1123 1147 1191 nel
1169 1124 1297 1190 sabbato

171 1228 217 1292 ita
239 1229 339 1311 accipi
361 1231 482 1313 potest:
506 1247 543 1292 ne
562 1247 621 1293 ucs
639 1228 716 1313 fuga
732 1228 789 1292 illa
806 1227 1020 1310 deprehendat
1037 1230 1093 1292 aut
1110 1226 1141 1292 in
1158 1229 1297 1312 peccatis

173 1336 314 1418 algentes
338 1338 393 1399 aut
414 1333 504 1398 bonis
528 1333 674 1416 operibns
698 1333 829 1400 otiosos,

131 1498 155 1537 c
214 1475 270 1541 XI.
293 1475 329 1538 In
370 1475 480 1539 eodem
503 1475 662 1539 Matthaeo
696 1473 856 1539 scribitur:
891 1473 978 1538 dico
1007 1476 1139 1538 autem
1162 1474 1295 1539 uobis:

171 1597 245 1644 ncu
267 1579 399 1645 bibam
421 1580 558 1645 amodo
582 1579 626 1644 de
656 1581 727 1644 hcc
750 1579 952 1663 genimine
974 1579 1076 1644 uitis
1106 1579 1295 1663 usquein

172 1685 275 1750 diem
306 1685 423 1751 illum
454 1704 529 1769 quc
561 1685 667 1750 illud
698 1685 831 1750 bibam
855 1685 1066 1750 uobiscum
1088 1703 1233 1750 nouum
1255 1687 1294 1752 in

172 1811 291 1876 regno
314 1793 442 1874 patris
465 1791 557 1868 mei;
581 1791 657 1875 quid
678 1791 731 1857 hic
754 1795 941 1874 sequemur?

215 1931 359 2016 Regnum
389 1931 448 2009 dei,
478 1935 515 1997 nt
546 1932 630 1999 docti
659 1932 913 2016 interpretantur,
941 1931 1075 1997 ecclesia
1098 1935 1148 1996 est
1178 1931 1210 1996 in
1234 1951 1296 2014 qua
1367 1917 1368 1920 ¹

130 2059 154 2101 n
173 2037 302 2103 cottidie
333 2037 414 2102 bibit
444 2038 627 2123 sanguinem
659 2057 753 2103 suum
786 2037 930 2103 Christus
961 2057 1017 2120 per
1052 2040 1177 2103 sanctes
1218 2056 1293 2103 sues

172 2145 332 2225 tamquam
355 2146 448 2226 caput
469 2144 500 2208 in
524 2143 672 2209 membris
696 2144 773 2210 suis.

217 2283 286 2349 XII.
310 2281 391 2362 Quid
420 2303 531 2349 causae
564 2287 623 2361 est,
656 2284 738 2366 quod
771 2283 899 2348 dicitur:
923 2282 1059 2349 amodo
1092 2283 1290 2349 uidebitis

173 2388 309 2452 filium
336 2388 509 2454 heminis
538 2389 740 2454 sedentem
764 2387 809 2453 ad
832 2387 1033 2455 dexteram
1056 2388 1229 2453 uirtutis
1254 2391 1292 2454 et

174 2493 401 2561 uenientem
423 2494 460 2558 in
484 2492 659 2559 nubibus
684 2493 811 2558 caeli?
848 2496 880 2558 et
902 2492 963 2557 alic
990 2492 1060 2558 leco
1088 2492 1204 2558 dicitur
1230 2513 1289 2558 non

127 2624 155 2663 sc
172 2598 295 2663 uisuros
317 2600 494 2664 uenientem
516 2599 548 2662 in
569 2599 705 2663 nubibus
730 2598 807 2663 caeli
830 2598 891 2663 uisi
913 2599 945 2662 in
971 2598 1146 2664 nouissimo
1168 2601 1291 2663 tantum

172 2702 220 2766 die
247 2705 486 2788 plangentes
515 2723 646 2770 omnes
673 2705 807 2769 tribus
834 2706 966 2768 terrae
995 2707 1033 2768 et
1058 2706 1153 2768 tunc
1183 2703 1290 2768 nide-

170 2806 266 2872 bunt
288 2809 421 2873 filium
443 2809 617 2875 hominis
639 2810 677 2874 in
701 2809 875 2874 nubibus
899 2809 1027 2874 caeli?

213 2947 293 3028 Quia
323 2950 354 3012 in
385 2952 444 3014 hoc
475 2950 574 3032 primo
607 2950 754 3032 corporis,
786 2949 820 3013 id
856 2951 914 3027 est,
947 2949 1098 3018 ecclesiae
1135 2948 1288 3014 aduentus

168 3053 369 3120 adnuntiatur
389 3075 444 3139 per
466 3056 750 3121 manifestationem
781 3054 1018 3136 claritatemque
1041 3055 1212 3141 signorum,
1234 3054 1289 3119 ille

122 3185 150 3228 aa
168 3178 242 3225 uero
265 3158 346 3224 alius
370 3159 523 3226 aduentus
547 3160 658 3242 capitis
682 3163 740 3237 est,
763 3159 796 3223 id
820 3162 877 3233 est,
900 3159 1002 3241 ipsius
1026 3158 1153 3225 Christi.
1176 3159 1287 3224 inille

166 3264 302 3330 aduentu
334 3285 388 3348 per
422 3265 562 3331 membra
592 3285 650 3330 sua
682 3264 825 3331 Christus
865 3264 963 3342 uenit,
999 3262 1031 3328 in
1067 3264 1126 3329 hoc
1162 3284 1218 3349 per
1253 3283 1287 3330 ss

164 3389 279 3452 ipsum.
404 3420 408 3429 .
1065 3392 1067 3396 ·

252 3611 381 3667 lMatth.
399 3612 443 3677 24,
461 3613 496 3667 20
555 3613 588 3667 10
605 3612 642 3666 ib.
660 3612 703 3676 26,
718 3612 756 3667 ’29
815 3612 846 3665 17
865 3610 901 3664 ib.
921 3609 964 3676 26,
983 3610 1018 3664 64
1079 3608 1111 3663 21
1131 3609 1169 3666 ib.
1187 3610 1230 3676 24,
1250 3610 1284 3666 30

196 3753 373 3837 dcensnistis
391 3753 449 3806 AV
538 3750 625 3824 ueros}
643 3752 670 3806 P
739 3751 823 3821 sita]
841 3750 870 3805 id
887 3747 946 3805 AV
1041 3749 1242 3820 depraehendat
1258 3750 1287 3804 P

161 3833 273 3921 9⁸bcnis
293 3871 320 3935 (a
338 3867 403 3922 add.
421 3884 456 3922 m.
475 3870 505 3936 2)
524 3867 551 3922 P
567 3866 595 3921 in
613 3865 691 3920 bonis
708 3867 765 3920 AV
822 3866 922 3919 otiosos
939 3865 971 3920 in
987 3881 1043 3920 ras.
1061 3864 1089 3918 P
1105 3864 1181 3935 (cdd.
1200 3882 1233 3920 aa
1253 3868 1283 3927 2)

161 3955 248 4009 otiosa
260 3955 319 4009 AV
370 3956 403 4010 12
420 3955 499 4026 illud]
517 3955 594 4010 illum
608 3954 666 4008 AV
717 3954 751 4009 14
768 3955 810 4025 nt]
828 3952 900 4024 qnod
913 3950 971 4008 AV
1037 3953 1286 4024 interpraetatan

160 4041 317 4186 Enssgtljlper
333 4043 361 4097 V
427 4044 462 4098 20
480 4043 655 4098 ιὀιιὶειίιιιιιιιι
677 4042 749 4098 diem
765 4043 824 4097 AV
891 4041 923 4096 21
944 4041 1067 4096 tribubus
1084 4044 1112 4095 A
1182 4041 1218 4096 26
1236 4041 1284 4097 ad·
