2902 4636
599 281 815 337 Praelatio.
1133 284 1255 349 XVIIII

126 476 374 574 intellegendum
402 478 459 541 est.
483 513 525 522 -
548 497 579 559 p.
609 477 649 540 87
677 477 699 540 l.
724 478 744 539 4
766 476 910 541 forsitam
938 475 1129 540 danihel-
1155 495 1187 558 p.
1211 475 1252 539 87

125 583 147 648 l.
173 583 191 646 7
215 583 341 648 uidetur
357 621 402 705 ¹-
419 603 450 665 p.
474 585 514 648 87
538 583 561 649 l.
586 584 605 646 9
629 582 772 648 danihele
791 619 834 629 -
856 603 887 665 p.
912 579 1066 651 87110
1090 584 1255 648 contenen-

126 714 277 798 tiamque,
305 716 454 801 conngati
481 715 541 797 (sie
562 736 602 780 m.
627 718 672 798 1.)
701 752 744 762 -
770 736 802 798 p.
831 716 916 782 871.
943 716 982 780 11
1013 714 1188 801 dilegentes
1211 750 1255 759 -

127 843 156 905 p.
185 821 226 885 87
254 822 276 888 l.
307 824 346 885 12
374 822 496 905 profeta
521 857 564 867 -
591 841 622 904 p.
652 822 692 885 87
719 823 742 889 l.
772 824 812 887 15
835 821 959 903 lapedei
982 858 1023 868 —
1046 831 1077 906 p.
1102 822 1142 886 87
1165 820 1188 884 1.
1214 820 1253 884 17

126 927 285 992 insinuata
312 965 354 975 -
381 948 412 1011 p.
442 929 483 993 87
507 928 527 992 l.
552 928 592 1001 21
623 932 742 1011 partem
765 961 808 974 —-
830 949 861 1011 p.
887 930 928 993 90
951 930 973 995 l.
999 929 1040 992 10
1062 926 1215 991 19091-
1237 944 1256 990 9

127 1038 171 1098 ese
197 1035 343 1098 emissem
365 1072 408 1081 -
430 1054 461 1117 p.
490 1036 531 1099 90
559 1036 581 1100 l.
612 1036 652 1099 18
681 1035 881 1101 abscondetis
904 1071 947 1081 -
970 1054 1001 1117 p.
1030 1035 1071 1098 90
1098 1034 1120 1097 l.
1147 1034 1187 1097 19
1210 1031 1255 1096 in-

127 1139 281 1203 munditia
295 1158 353 1204 999
371 1142 540 1206 saturatos.
555 1179 599 1188 -
611 1161 642 1223 p.
664 1142 705 1204 90
722 1142 746 1205 l.
765 1141 807 1204 20
825 1136 1031 1226 impietatem]
1045 1132 1198 1223 pietatem
1211 1174 1254 1184 —

127 1266 156 1328 p.
177 1246 218 1309 90
239 1247 280 1308 22
304 1249 333 1309 et
354 1247 397 1309 24
421 1249 565 1311 eructuat
582 1283 622 1294 --
635 1266 666 1329 p.
690 1247 772 1311 901.
793 1247 834 1310 25
858 1245 1091 1327 scientia—p.
1111 1245 1193 1310 991.
1213 1245 1255 1309 26

126 1350 228 1415 190919
254 1387 290 1397 -
315 1347 486 1421 infundillll
509 1349 522 1438 (
545 1351 580 1438 ⁸)
602 1389 647 1400 -
668 1373 699 1436 p.
724 1353 763 1417 91
788 1352 809 1417 l.
836 1353 852 1416 1
879 1353 1008 1415 eructua
1029 1351 1162 1416 uerbum
1184 1348 1198 1436 (
1220 1348 1254 1436 ')

126 1493 168 1502 -
191 1477 222 1539 p.
247 1458 287 1521 91
316 1457 337 1522 l.
367 1459 387 1521 4
414 1458 567 1522 bacculus
597 1455 703 1543 (peius
726 1477 742 1521 c
765 1461 810 1521 esc
835 1454 970 1542 9999999)
994 1494 1038 1504 -
1059 1476 1091 1539 p.
1118 1457 1158 1520 91
1187 1455 1210 1521 1.
1235 1455 1254 1518 6

127 1562 257 1629 bacculo
280 1599 323 1610 —
345 1583 376 1645 p.
401 1565 439 1627 91
465 1566 487 1631 l.
513 1566 531 1628 7
556 1563 619 1629 sint
641 1567 685 1629 eat
707 1563 852 1627 omissum
874 1600 917 1608 —
940 1584 970 1646 p.
995 1563 1034 1626 91
1059 1562 1082 1626 l.
1108 1563 1148 1626 10
1172 1561 1257 1626 sicut

127 1686 183 1732 nec
207 1668 244 1732 de
267 1668 371 1734 bubus
395 1688 501 1733 curam
523 1689 586 1734 non
609 1707 651 1716 -
674 1690 704 1754 p.
729 1671 768 1734 91
793 1669 815 1733 l.
840 1672 880 1734 15
909 1667 1138 1752 accipiendum]
1163 1667 1255 1732 intel·

126 1774 293 1855 legendum
322 1812 364 1821 —
391 1796 422 1858 p.
451 1776 490 1840 91
520 1777 542 1842 l.
572 1777 613 1840 10
640 1776 820 1860 refrigerem
850 1774 916 1856 (sed
944 1795 975 1838 m
1002 1772 1176 1843 99919979
1198 1771 1255 1855 lapi

123 1881 233 1961 potest)
255 1916 299 1928 —
321 1881 452 1946 habeam
475 1919 518 1927 —
541 1901 572 1963 p.
593 1882 636 1946 91
660 1882 682 1947 1.
709 1882 749 1946 18
776 1881 1008 1945 manufestatnr
1035 1878 1069 1964 (9
1096 1899 1158 1943 core
1184 1878 1256 1942 bene

79 1986 81 1988 ’
127 1985 262 2066 cognosci
281 1986 397 2073 potest)
420 2024 464 2035 -
486 2009 516 2070 p.
541 1988 580 2051 91
605 1988 628 2053 l.
654 1989 694 2051 19
721 1986 815 2050 uerbo
843 1986 917 2069 quia
940 1987 1062 2050 aduena
1084 1987 1255 2069 -patres

126 2089 199 2175 mei,
222 2111 300 2174 paee
321 2092 431 2156 deseret
451 2093 487 2156 99
507 2091 609 2173 PAV,
630 2096 756 2159 9999909
777 2096 858 2169 sual,
878 2092 932 2156 sed
947 2093 1063 2156 199999
1084 2093 1255 2164 weretune,

124 2192 220 2274 199999
240 2196 366 2259 uidetur
388 2234 431 2245 —
453 2195 582 2261 Brcodt
604 2197 697 2280 tepere
714 2197 775 2262 sibi
792 2198 879 2261 91999
898 2201 942 2261 est
959 2196 1032 2260 baec
1049 2195 1159 2259 uerbo:
1183 2194 1256 2278 quia

127 2299 247 2365 aduena
279 2321 349 2366 enm
378 2305 458 2385 aput
489 2305 521 2368 te
547 2303 580 2368 in
607 2307 688 2369 terra
715 2305 748 2368 et
765 2303 967 2397 peregrinus,
993 2301 1048 2365 sed
1072 2300 1197 2365 9999799
1223 2302 1255 2365 19

126 2407 208 2470 terra
230 2409 348 2471 9991999
369 2407 404 2470 ic
427 2408 525 2472 codiee
541 2427 604 2489 pro
626 2411 704 2472 certe
727 2408 826 2472 dicere
848 2428 910 2471 999
933 2407 1035 2473 audet.
1059 2444 1102 2453 -

171 2547 271 2630 Supra
289 2547 350 2612 diri
365 2549 515 2626 codicem,
531 2568 567 2612 ex
581 2568 641 2632 quo
656 2549 733 2613 haec
748 2548 809 2612 duo
824 2548 899 2612 folia
912 2548 1076 2624 fluxerunt,
1091 2545 1256 2628 AVprae·

127 2653 248 2719 stitisse
277 2648 309 2719 et
334 2673 396 2721 nno
423 2655 493 2719 loco
521 2655 575 2718 uel
598 2652 761 2719 P'codici.
792 2654 876 2737 quod
899 2656 1005 2718 autern
1028 2653 1067 2718 ad
1089 2652 1166 2717 folia
1187 2653 1257 2734 ipsa

126 2759 271 2841 pertinet,
300 2778 337 2823 ea
362 2761 447 2825 insto
474 2761 695 2844 neglegentius
724 2761 843 2844 scripta
868 2780 938 2826 esse
962 2780 979 2825 e
1001 2759 1154 2824 uarietate
1181 2758 1256 2825 scri·

126 2867 289 2947 pturarum
316 2885 410 2949 supra
436 2867 598 2950 proposita
625 2867 848 2931 concludamus
876 2885 1005 2931 necesse
1032 2867 1090 2930 est.
1122 2864 1256 2929 fortasse

126 2989 162 3039 ex
178 2970 275 3035 simili
293 2972 379 3037 fonte
399 2973 561 3037 deriuatus
581 2976 630 3039 est
648 2974 743 3038 codex
758 2972 971 3056 Sangallensis
990 2993 1020 3036 9.
1041 2973 1104 3035 225
1124 2990 1149 3035 9.
1168 2969 1254 3048 VIII,

128 3075 165 3141 de
188 3095 250 3158 qno
272 3076 337 3141 iam
359 3097 461 3143 sermo
484 3079 547 3143 fuit
568 3099 598 3161 p.
617 3079 686 3145 XV.
704 3078 781 3144 hacc
799 3079 974 3162 fragmenta
995 3096 1102 3160 parua,
1122 3095 1201 3159 quae
1223 3075 1256 3139 in

127 3185 310 3265 apparatum
331 3202 394 3248 non
415 3184 601 3267 recepimus,
627 3184 700 3267 quin
724 3184 763 3248 ad
787 3185 910 3250 codices
936 3186 1021 3250 recto
1044 3181 1256 3247 aestimandos

117 3306 296 3370 eorumque
329 3289 548 3371 cognationem
578 3290 691 3356 melius
723 3288 971 3375 perspiciendam
1003 3287 1166 3372 permagni
1194 3286 1257 3352 sint

127 3394 287 3471 momenti,
312 3394 452 3460 dubitare
476 3395 549 3484 noli.

158 3533 219 3606 ,Ad
241 3535 376 3599 alterum
402 3535 519 3600 librum
546 3535 774 3601 emendandum
798 3536 893 3601 etiam
917 3535 1096 3601 codicem
1130 3533 1254 3598 Paris.

127 3640 212 3706 9389
236 3658 261 3732 sc
285 3640 422 3724 vnmx
448 3643 805 3720 membranaceum,
834 3643 888 3726 qui
914 3641 1054 3720 bibliam,
1085 3660 1179 3724 quam
1201 3658 1256 3705 uo·

128 3748 200 3811 cant
230 3746 437 3830 theodulphi,
471 3748 620 3826 continet,
653 3749 792 3815 adhibui.
826 3749 966 3815 conferas
1003 3766 1134 3832 quaeso,
1172 3746 1257 3830 qnod

128 3853 165 3919 de
200 3845 261 3919 hoc
295 3854 376 3918 libro
418 3854 594 3937 disputarit
635 3854 730 3921 Sam.
774 3858 924 3940 Berger
963 3856 996 3921 in
1036 3853 1185 3938 ,Histoire
1218 3852 1256 3918 de

125 3961 157 4025 la
191 3958 338 4044 Vulgate.
374 3959 463 4026 Paris
504 3963 597 4028 1893'
636 3983 667 4046 p.
706 3964 888 4041 149-170,
920 3962 952 4026 19
985 3961 1074 4026 99199
1110 3959 1171 4023 fine
1207 3958 1256 4022 In·
1367 4003 1368 4006 ,

126 4066 335 4131 9999099919
370 4066 450 4131 liber
481 4067 637 4133 99999099
672 4070 791 4153 legitur
816 4069 909 4135 ualde
938 4069 1103 4150 corruptus
1131 4064 1257 4147 plenus-

76 4239 80 4247 ,
108 4189 187 4253 ,qne
217 4171 504 4254 interpolationum.
537 4173 569 4237 in
602 4173 756 4255 scriptura
781 4174 943 4238 nominum
965 4171 1161 4255 propriorum
1185 4185 1256 4232 con·
