2924 4636
429 283 741 336 instructionum
767 282 832 337 lib.
859 282 882 339 Ι.
1166 289 1227 350 115

100 480 178 561 quia
204 476 346 541 homines
374 476 447 540 dum
476 477 528 540 3111
557 477 1047 560 3111331133131333333331331,
1072 483 1168 562 utque
1192 480 1230 544 ad

100 602 280 648 mensuram
313 581 456 664 spiritum
490 583 629 664 accipere
662 582 817 660 uidentur,
850 584 935 647 iuxta
966 585 1043 648 illud
1077 586 1226 667 apostoli:

101 690 298 753 habentes
338 690 469 752 autem
512 688 751 754 donationes
798 688 1014 754 secuudum
1060 691 1228 771 gratiam

102 812 202 875 qnae
231 792 323 856 data
351 797 411 857 331
440 793 566 870 uobis,
591 793 833 859 differentes
862 794 948 859 siue
976 795 1228 876 prophetiam

64 899 319 964 seecundum
343 919 564 963 mensuram
587 899 697 976 fidei,
722 904 753 964 et
777 903 887 965 cetera.
912 900 1035 965 Christo
1064 919 1137 964 uero
1162 900 1230 963 uni·

100 1006 207 1088 genito
240 1022 297 1069 suo
331 1004 384 1087 qui
417 1004 510 1067 etiam
543 1004 597 1067 dat
628 1024 688 1068 non
721 1010 769 1070 est
806 1006 934 1086 spiritus
971 1005 1010 1068 ad
1046 1024 1224 1069 mensuram

101 1113 206 1187 datus,
231 1110 304 1193 quia
326 1111 357 1173 13
381 1128 417 1173 eo
442 1115 491 1174 est
513 1111 614 1175 omnis
637 1112 798 1193 plenitudo
822 1111 1006 1175 diuinitatis.

148 1217 219 1282 llll.
253 1216 397 1281 Saluator
429 1216 520 1280 dicit:
557 1236 628 1281 333
661 1200 869 1283 'ascendite
901 1218 946 1282 ad
978 1217 1080 1280 diem
1112 1218 1225 1291 huno,

103 1343 177 1406 ego
201 1342 274 1387 non
299 1323 469 1387 ascendo
494 1322 538 1386 ad
558 1323 828 1388 diemfestum
846 1324 983 1400 istum;
1004 1326 1035 1386 31
1054 1338 1114 1404 quo
1133 1322 1226 1386 modo

51 1453 79 1491 ιο
99 1433 216 1512 postea
242 1427 390 1492 scribitur
419 1427 456 1490 de
480 1446 531 1491 eo:
560 1431 602 1491 31
629 1433 758 1492 autem
786 1428 1055 1492 ascenderunt
1081 1426 1230 1490 fratres

101 1534 201 1611 eius,
224 1536 319 1597 tune
343 1536 381 1596 et
403 1533 489 1613 ipse
513 1532 700 1596 ascendit
724 1533 769 1596 ad
792 1533 893 1597 diem
916 1533 1088 1597 festum?

151 1639 272 1703 Ueritas
305 1638 502 1702 mendacium
533 1639 621 1719 loqui
652 1658 712 1703 non
745 1642 859 1720 potest,
897 1642 990 1720 atque
1021 1637 1136 1701 idcirco
1170 1656 1229 1700 non

102 1745 191 1809 aliud
219 1745 332 1809 31333
360 1744 477 1808 factum
506 1747 564 1819 est,
593 1764 686 1827 quam
715 1745 797 1827 quod
821 1764 854 1808 33
878 1743 1133 1827 pronuntiauerat
1162 1760 1230 1806 3333

101 1851 271 1915 facturum.
305 1851 492 1933 scenopegia
519 1851 600 1914 enirn
628 1851 810 1915 solemnitas
834 1851 1020 1914 Iudaeorum
1044 1868 1104 1913 non
1132 1867 1229 1911 unum

49 1981 79 2019 15
103 1957 187 2019 diem
211 1955 266 2019 sed
288 1955 393 2036 plures
417 1955 482 2018 dies
506 1956 702 2019 solemnitate
723 1956 929 2036 conplectitur
947 1955 1029 2018 siout
1048 1956 1079 2017 et
1095 1953 1228 2035 paschae

101 2061 272 2127 festiditas.
292 2079 364 2144 ergo
385 2062 458 2142 quia
476 2060 601 2136 dixerat,
616 2080 676 2124 uon
696 2061 827 2125 ascendo
847 2061 884 2124 ad
903 2061 986 2124 diem
1004 2060 1121 2122 festum
1138 2059 1230 2136 hunc,

103 2167 214 2248 utique
238 2167 276 2230 ad
299 2167 382 2230 diem
404 2166 521 2230 festum
543 2167 658 2247 ipsum,
678 2166 762 2230 siout
779 2166 980 2247 praedixerat,
999 2184 1060 2228 non
1080 2163 1229 2239 ascendit,

102 2292 176 2335 nam
204 2276 236 2335 et
263 2271 406 2353 sequitur
431 2271 462 2334 in
491 2271 672 2354 euangelio:
702 2272 779 2335 haec
807 2290 878 2335 curn
907 2270 1046 2346 dixisset,
1069 2269 1147 2350 ipse,
1171 2268 1230 2332 hoo
1303 2338 1304 2341 Ἴ

103 2382 155 2440 331
178 2377 323 2457 seruator,
346 2377 464 2441 mansit
480 2377 511 2439 iu
527 2376 675 2448 Galilaea,
695 2381 732 2439 ut
749 2376 968 2457 intellegamus
991 2375 1023 2436 13
1047 2393 1084 2438 33
1106 2373 1231 2453 quidem

47 2511 78 2548 20
103 2482 313 2558 solemnitate,
337 2481 392 2546 sed
416 2501 476 2550 333
500 2482 631 2545 eundem
655 2481 738 2545 diem
760 2481 857 2544 fuisse
881 2481 919 2544 de
942 2496 1002 2561 quo
1025 2480 1134 2561 postea
1156 2476 1231 2541 scri-

102 2590 204 2652 bitur:
228 2591 265 2651 ut
287 2592 392 2652 autem
411 2588 618 2651 ascendemnt
635 2586 744 2651 fratres
764 2586 842 2663 eins,
862 2589 936 2649 tuno
957 2589 989 2649 et
1005 2585 1072 2666 ipse
1089 2581 1230 2646 ascendit

103 2694 144 2756 ad
171 2693 254 2758 diem
280 2694 407 2757 festum.
444 2695 550 2775 potest
577 2696 609 2755 et
634 2691 766 2775 figurate
793 2690 935 2775 intellegi
961 2690 1011 2754 hic
1039 2689 1105 2752 dies
1127 2688 1229 2750 festus

104 2798 144 2862 ad
171 2816 264 2880 quem
292 2797 429 2862 saluator
456 2817 488 2861 se
516 2817 575 2861 non
605 2816 806 2862 ascensurum
831 2816 899 2861 esse
926 2795 1087 2877 protessus
1111 2795 1169 2869 331,
1193 2793 1230 2856 31

103 2905 134 2967 13
160 2923 193 2967 33
215 2904 397 2967 mutandam
420 2903 623 2967 festiuitatem
648 2903 780 2966 doceret.

48 3038 80 3076 aa
148 3009 186 3071 V.
211 3007 352 3087 Qualiter
383 3010 578 3073 sentiendum
611 3012 660 3072 est
691 3008 728 3072 de
759 3008 828 3072 loeo
861 3007 915 3070 illo
943 3009 974 3070 in
1003 3025 1063 3087 quo
1093 3004 1130 3068 de
1153 3004 1229 3066 lesu

107 3115 229 3179 Christo
267 3114 421 3178 saluatore
458 3117 563 3178 nostro
597 3114 755 3178 scribitur:
788 3132 896 3176 nemo
930 3112 1042 3175 misit
1072 3109 1111 3173 iu
1145 3127 1228 3172 eum

106 3239 251 3295 manus,
276 3220 370 3301 quia
392 3219 563 3283 nondum
588 3224 753 3282 uenerat
774 3218 869 3283 hora
893 3218 989 3280 3133.
1274 3289 1277 3294 .

148 3325 233 3388 Hora
250 3324 325 3387 haec
344 3344 403 3388 non
424 3325 595 3388 secundum
615 3325 851 3387 mathematicos
870 3322 1080 3404 intellegenda
1098 3322 1156 3396 est,
1175 3318 1230 3382 sed

193 3527 302 3580 enom.
330 3527 406 3590 133
495 3525 602 3594 3333.
622 3528 647 3590 3,
666 3526 698 3595 e)
783 3523 873 3578 a10n.
894 3524 952 3589 33
1044 3524 1077 3577 io
1095 3522 1131 3576 n.
1152 3524 1176 3587 r,
1196 3523 1229 3577 10

106 3613 139 3668 33
157 3615 194 3668 rs.
213 3616 238 3679 a,
257 3616 292 3669 ao

139 3755 252 3809 Anubis
275 3755 352 3809 nobis
371 3756 501 3822 (alterum
519 3755 600 3822 erar.)
620 3754 646 3807 P
733 3753 810 3807 nobis
833 3770 884 3807 om.
908 3747 938 3807 V
1019 3707 1230 3806 bedtiffiqmnon

107 3874 147 3924 est
167 3872 196 3925 P
217 3873 281 3938 (sic)
371 3869 551 3924 9333333333
575 3868 601 3922 V
692 3869 725 3922 13
753 3868 832 3921 aliter
854 3870 881 3921 A
976 3869 1008 3922 14
1032 3834 1184 3937 s⁶en0pegia
1205 3868 1233 3921 P

107 3960 175 4012 eninr
193 3974 244 4015 om.
262 3960 289 4011 A
380 3959 412 4011 16
430 3958 634 4012 hunc—festum
654 3972 704 4010 om.
723 3956 781 4009 AV
870 3957 901 4009 19
920 3955 1029 4024 gallilea
1047 3953 1132 4007 PAV
1200 3958 1231 4008 ut

106 4072 303 4142 33333113Ρ
375 4072 410 4127 20
428 4073 625 4133 solemnitatem
645 4071 672 4124 P
745 4071 780 4124 23
798 4028 897 4140 adquem
916 4071 943 4122 P
1012 4068 1233 4138 33331331

106 4161 326 4214 263131313331.
347 4160 403 4213 AV
471 4178 502 4214 eo
522 4162 547 4214 A
623 4159 657 4213 28
675 4159 751 4227 haec]
772 4159 828 4211 eius
846 4159 903 4212 AV
991 4157 1233 4210 mathimatiousS

1126 4262 1157 4314 8*
