2902 4636
540 233 590 287 De
616 233 729 288 laude
756 233 908 292 heremi.
1220 239 1282 306 187

160 446 260 510 quam
283 426 522 491 difficultatibus
546 425 612 490 suis
634 429 746 491 natura
764 427 955 504 obseruauit‚
975 429 1138 511 deponitur
1154 429 1187 494 in
1204 433 1286 495 terra

166 532 300 617 quodam
328 532 470 598 conclaui
497 531 622 611 deserti,
649 551 687 596 ne
711 532 954 599 conuersationis
976 535 1128 601 humanae
1150 555 1212 602 usu
1233 535 1285 599 ab·

166 641 298 717 olesoat3
326 641 458 721 apteque
490 636 598 702 mundi
629 657 648 702 a
675 636 798 703 domino
830 639 907 703 haee
937 641 1076 722 pretiosa
1105 640 1285 705 diuitiarum

166 746 307 828 supellex
332 745 365 808 in
391 743 446 809 illa
472 742 644 808 mundanae
672 743 782 809 domus
809 747 896 827 parte
922 763 984 810 non
1007 747 1110 812 solum
1133 745 1285 822 conditur,

136 861 277 916 5uerum
301 850 406 928 etiam,
430 869 502 915 oum
525 869 603 916 usus
627 852 685 926 est,
709 869 744 914 en
766 850 934 916 reconditis
957 851 1121 934 promitur.
1179 851 1182 856 ’

212 958 263 1024 29.
299 956 375 1021 Fuit
406 957 481 1022 olim
513 975 587 1040 erga
617 955 778 1020 heremum
811 975 883 1021 cura
914 956 1037 1022 diuinae
1072 956 1286 1041 prouidentiae

168 1075 291 1128 summa
313 1066 346 1127 et
366 1063 509 1141 maxima,
533 1060 589 1126 sed
615 1081 654 1126 no
681 1080 762 1127 nuno
790 1061 915 1145 quidem
944 1081 1039 1145 parua
1065 1066 1123 1129 est.
1160 1081 1230 1126 nam
1255 1062 1287 1125 et

166 1188 250 1234 nuno
274 1188 345 1234 cum
368 1168 485 1233 heremi
506 1167 618 1232 ineolis
641 1167 745 1232 uictus
765 1161 916 1233 diuinitus
934 1168 1089 1251 insperata
1107 1165 1288 1251 superuenit

166 1274 323 1359 largitate,
351 1272 426 1356 quid
449 1273 535 1337 aliud
558 1291 651 1355 quam
674 1292 691 1338 e
714 1272 799 1338 eaelo
822 1272 931 1356 lapsus
955 1272 1087 1339 defluit?
1119 1273 1235 1337 habent
1255 1275 1290 1336 ot

126 1393 152 1434 ¹0
167 1379 224 1445 isti
244 1379 276 1444 in
299 1378 357 1445 hao
379 1378 508 1444 caelesti
531 1378 744 1443 munificentia
766 1397 858 1442 suum
881 1397 1002 1458 manna,
1028 1398 1086 1445 neo
1112 1379 1215 1444 minus
1237 1375 1287 1442 his

168 1485 313 1550 dominus
335 1483 473 1549 bracchii
496 1483 546 1548 sui
568 1502 660 1567 opere
683 1486 802 1549 secreto
830 1484 1008 1552 alimoniam
1036 1485 1156 1569 spargit
1178 1503 1213 1552 ex
1232 1483 1287 1551 ab·

168 1590 246 1656 dito.
269 1593 302 1656 et
323 1608 396 1657 oum
419 1589 560 1654 silicibus
582 1589 732 1673 perfossis
754 1588 880 1655 tandem
898 1590 1003 1656 diuino
1021 1610 1147 1656 munere
1163 1607 1289 1672 respon·

169 1695 278 1762 dentes
301 1714 318 1760 e
341 1695 423 1760 sanis
450 1713 548 1779 aquae
575 1695 742 1778 profluunt,
771 1696 846 1779 quid
872 1696 957 1761 aliud
979 1716 1072 1779 quam
1093 1697 1184 1761 uelut
1204 1694 1288 1761 ldosi

168 1802 277 1886 uirgae
294 1802 360 1867 iotu
378 1820 528 1884 percussa
543 1820 620 1883 rupe
639 1806 864 1886 emerguntur?
886 1803 1146 1869 uestimentorum
1162 1800 1288 1883 perinde

125 1920 152 1961 ιδ
168 1906 297 1972 habitus
319 1906 351 1970 in
373 1906 492 1971 heremi
514 1901 663 1972 uastitate
686 1907 872 1992 degentibus
895 1927 976 1973 nuno
999 1926 1211 1992 quoqueeooe
1228 1926 1288 1972 non

169 2012 276 2077 defioit
298 2013 362 2095 qui,
392 2012 467 2077 dum
492 2012 609 2097 iugiter
635 2014 773 2098 gratuito
802 2014 908 2079 diuina
933 2015 1111 2097 prouisione
1138 2012 1287 2089 suooedit,

168 2118 279 2202 utique
302 2116 496 2184 succedendo
515 2121 630 2183 manet.
653 2119 732 2184 aluit
750 2118 893 2184 dominns
911 2121 943 2184 in
961 2120 1083 2186 deserto
1102 2138 1176 2185 suos
1194 2138 1288 2202 quon·

170 2225 252 2303 dam,
281 2223 337 2290 sed
364 2226 397 2289 et
422 2244 504 2290 nuno
531 2224 607 2301 alit3
641 2229 673 2291 et
703 2225 776 2290 illos
808 2225 934 2309 quidem
961 2225 1165 2311 quadraginta
1190 2224 1288 2301 annis,

167 2330 227 2395 hos
249 2348 324 2394 uero
348 2329 550 2413 quoadusque
573 2331 644 2395 anni
666 2335 766 2395 erunt.

126 2447 153 2487 2⁰
215 2437 266 2503 30.
290 2435 403 2500 Merito
425 2437 504 2500 hano
527 2440 655 2502 sanctus
678 2437 784 2501 diuino
806 2437 879 2521 igne
902 2451 1072 2502 succensus
1089 2435 1199 2501 aeliota
1216 2435 1289 2500 sede

170 2541 294 2624 propria
324 2530 430 2613 sedem
461 2541 556 2627 legat,
588 2542 699 2607 merito
731 2541 915 2625 propinquis
947 2541 1021 2606 filiis
1047 2541 1288 2624 parentibusque

169 2649 339 2731 praeponat
360 2664 549 2730 suommque
571 2647 711 2713 omnium
739 2647 924 2713 commercio
952 2649 1044 2712 emat.
1079 2645 1191 2712 merito
1213 2644 1290 2710 haeo

170 2753 340 2838 genitalem
377 2754 593 2819 deserentibus
609 2737 611 2741 Α
628 2755 761 2839 patriam
796 2755 1000 2838 temporariae
1031 2752 1149 2837 patriae
1178 2770 1290 2818 nomen

171 2859 321 2938 obtineat,
348 2879 367 2924 a
393 2879 455 2941 qua
481 2879 542 2925 non
568 2862 683 2938 metus,
716 2880 775 2926 non
809 2859 1009 2939 desiderium,
1040 2857 1289 2944 norgaudum,

126 2982 152 3024 rs
171 2982 233 3029 non
251 2983 373 3031 maeror
389 2970 526 3031 reuocet.
549 2966 659 3031 merito
682 2966 774 3049 plane
797 2967 1013 3032 uniuersorum
1035 2965 1202 3030 affectuum
1224 2963 1292 3028 sola

171 3069 215 3134 sit
235 3071 380 3154 pretium.

215 3176 267 3240 31.
307 3174 383 3255 Quis
420 3177 502 3241 enim
538 3196 715 3242 enumerare
746 3176 895 3242 beneficia
923 3176 1041 3249 ‘heremi
1073 3175 1167 3260 digne
1197 3178 1293 3258 queat
1326 3193 1328 3197 ·

171 3280 360 3364 uirtutisque
382 3282 545 3348 commoda
561 3282 767 3347 habitantium
782 3283 814 3347 in
829 3286 887 3348 oa?
903 3281 941 3346 ,in
959 3281 1075 3358 mundo
1093 3281 1198 3363 positi,
1217 3298 1291 3363 quo·

170 3386 242 3451 dam
260 3387 352 3451 modo
373 3389 456 3452 entra
473 3387 625 3452 mundum
641 3387 800 3467 recedunt,
818 3389 855 3452 in
880 3386 1166 3464 solitudinibus,
1191 3388 1227 3449 ut
1248 3386 1292 3450 ait

259 3611 293 3664 29
312 3611 391 3666 Hebr.
414 3613 455 3680 11,
473 3611 508 3665 38

207 3753 376 3806 lobserauit
393 3752 426 3805 Η
511 3752 706 3823 deponiturque
728 3752 811 3808 ΕΓΗ
899 3755 996 3806 terram
1015 3751 1073 3806 EF
1149 3751 1293 3822 deponitur

171 3839 243 3893 intra
261 3830 374 3909 quodam
393 3841 518 3895 conclaue
535 3840 570 3895 H
619 3840 781 3895 damandi
799 3831 857 3894 EF
914 3840 959 3894 hie
976 3839 1035 3894 EF
1092 3840 1296 3911 pretiosusEF

172 3928 272 3982 8tuno
289 3927 319 3982 Ε
402 3928 538 3998 heremum
555 3928 613 3983 EF
695 3929 828 3999 inspirata
843 3928 902 3982 EF
988 3928 1021 3981 12
1043 3927 1244 3999 resplendentes
1262 3926 1295 3981 Η

174 4017 206 4069 14
225 4016 465 4085 emerguntEFH
498 4019 531 4071 15
547 4018 617 4087 ecee]
636 4017 738 4072 esseH
771 4017 804 4071 19
818 4033 882 4070 uero
896 4015 995 4071 omH
1044 4009 1296 4086 quousqneEFH

173 4103 208 4156 22
227 4103 292 4158 haec
310 4121 359 4159 om.
377 4104 435 4164 EF
480 4101 523 4160 23
541 4106 645 4176 patriae
663 4122 713 4159 om.
732 4105 790 4160 EF
843 4105 879 4159 24
896 4121 950 4159 non
967 4107 1055 4160 metus
1073 4121 1126 4158 non
1144 4120 1247 4158 maeror
1262 4102 1296 4157 H
