2902 4636
197 262 290 328 XIIII
637 263 849 318 Praefatio.

146 534 148 538 .
239 452 301 518 Sed
331 455 494 520 redeamus
530 457 568 519 ad
597 457 734 523 codicem
757 458 943 537 Parisinum,
972 479 1065 542 quem
1096 462 1134 524 11
1163 458 1251 523 Pitra
1281 458 1327 522 ita
1385 541 1387 544 .

86 597 88 600 ·
194 559 380 626 Eranciscus
396 561 544 644 Paulyius
559 562 724 646 ignorauit,
742 583 836 646 aquo
855 564 1024 629 Eormulae
1042 565 1151 631 eodem
1169 582 1249 629 anno
1265 581 1326 646 quo

196 665 316 753 abillo
343 667 411 731 niro
440 667 530 732 docto
559 670 634 732 sunt
660 668 762 733 editae
790 668 912 754 (Sancti
939 671 1085 735 Eucherii
1107 669 1326 754 Lugdunensis

90 781 91 786 ’
196 773 335 856 episcopi
365 773 506 838 Libellus
539 774 576 838 de
607 774 764 840 Eormulis
801 775 952 858 spiritalis
993 775 1236 860 intellegentiae.
1277 775 1327 839 Ad

197 879 384 962 optimorum
407 879 552 945 codicum
574 881 667 945 fidem
690 884 879 964 ,portentosa
904 882 1151 965 interpolatione'
1179 882 1328 946 liberauit
1359 877 1362 882 ’
1400 874 1404 881 ’

197 989 229 1050 et
245 987 402 1051 recensuit
423 986 458 1053 E.
476 986 512 1050 P.
533 985 665 1052 Graecii.
688 987 868 1052 Leuschner
890 991 922 1052 et
944 986 1118 1072 Lubenslrp.
1140 987 1180 1052 A.
1206 985 1327 1070 1881).

197 1095 290 1173 atque
313 1094 345 1156 et
365 1092 420 1156 ille
443 1095 475 1157 et
498 1095 653 1176 quotquot
674 1093 752 1157 mihi
774 1093 976 1159 innotuerunt
1000 1093 1135 1172 codices,
1160 1112 1196 1157 ex
1218 1092 1328 1158 eodem

196 1197 281 1262 fonte
303 1197 467 1276 fluxerunt,
493 1199 548 1262 sed
571 1218 677 1264 omnes
700 1199 740 1264 ad
761 1219 860 1264 unum
879 1201 1067 1282 superantur
1084 1198 1121 1263 ab
1140 1198 1196 1262 illo
1216 1200 1327 1263 aetate.

196 1303 259 1367 iam
277 1302 566 1386 antiquissimorum
587 1306 704 1370 scribae
718 1305 977 1388 interpolationes
995 1304 1130 1369 inserere
1150 1306 1328 1385 coeperunt,

117 1409 119 1413 ’
199 1426 329 1491 quarum
361 1427 510 1473 numerus
542 1410 636 1492 paulo
671 1412 744 1491 post
778 1410 893 1474 mirum
925 1410 957 1472 in
990 1408 1119 1474 modum
1152 1407 1261 1485 creuit,
1290 1411 1328 1472 ut

199 1514 325 1595 genuini
351 1516 456 1579 textus
483 1514 670 1579 Eucheriani
696 1514 851 1578 ambitum
878 1515 971 1579 ualde
999 1513 1139 1579 auxerint
1162 1517 1194 1578 et
1216 1512 1328 1597 ampli-

198 1617 367 1684 ficauerint.
392 1638 508 1703 quaeso
531 1621 679 1704 inspicias
703 1619 870 1685 editionem
894 1620 1123 1698 Brassicanam,
1144 1639 1223 1703 quae
1240 1619 1329 1684 Basi-

197 1724 263 1788 leae
282 1744 310 1789 a.
331 1727 412 1789 1531
437 1725 562 1807 prodiit,
587 1745 622 1790 er
645 1745 707 1808 qua
730 1744 836 1790 omnes
859 1744 963 1808 usque
982 1725 1022 1789 ad
1039 1724 1225 1790 hodiernum
1245 1725 1328 1789 diem

108 1916 110 1921 .
171 1818 173 1822 ’
199 1830 351 1914 originem
374 1830 501 1896 duxisse
518 1831 618 1914 Pauly
636 1852 666 1914 p.
686 1833 706 1896 3
726 1851 771 1914 sq.
792 1850 849 1896 suo
867 1831 935 1896 iure
953 1831 1122 1897 contendit.
1141 1850 1213 1895 nam
1232 1830 1329 1896 editio

198 1937 342 2020 princeps
364 1935 551 2002 Parisiensis
576 1956 594 2000 a
617 1936 784 2003 Cratandro
809 1948 836 2002 a'.
866 1937 952 2002 1530
974 1937 1116 2020 repetita,
1136 1956 1327 2021 quamquam

198 2042 399 2108 Brassicanae
419 2045 468 2106 est
486 2042 691 2118 anteferenda,
716 2042 873 2107 obliuione
895 2043 941 2107 ita
959 2042 1070 2113 obruta
1089 2046 1147 2121 est,
1166 2045 1204 2106 ut
1221 2062 1328 2107 omnes

198 2148 344 2213 Eucherii
367 2147 501 2213 editores
524 2147 641 2232 fugerit
663 2146 724 2232 (cf.
746 2148 835 2212 Pitra
856 2168 887 2229 p.
913 2147 1002 2233 494).
1025 2148 1080 2213 sed
1102 2148 1200 2212 nolim
1225 2149 1329 2212 omitti

198 2252 404 2335 interpolandi
421 2253 540 2345 rabiem
557 2272 619 2318 non
638 2253 714 2319 adeo
733 2256 907 2337 grassatam
927 2271 997 2318 esse
1015 2253 1047 2317 in
1065 2253 1329 2318 Instructionibus

199 2378 331 2448 quarum
367 2360 445 2424 alter
481 2358 561 2423 liber
598 2360 685 2424 11111
725 2359 879 2424 maiorum
924 2358 1182 2441 deprauationum
1222 2377 1330 2423 ansam

194 2464 342 2549 praebuit
368 2483 462 2547 quam
498 2462 530 2528 i'n
557 2463 724 2530 Eormulis.
754 2463 869 2547 quibus
898 2463 992 2528 rebus
1021 2464 1156 2548 cognitis
1184 2468 1234 2527 me
1268 2483 1329 2529 non

197 2571 420 2653 reprehensum
437 2571 487 2648 iri,
504 2569 587 2653 quod
601 2589 637 2634 ex
653 2578 820 2654 'permagno
840 2588 933 2653 grege
948 2567 1092 2634 codicum
1109 2569 1329 2634 nonnullorum

198 2675 369 2758 scripturas
393 2675 497 2760 recepi
519 2677 552 2740 11
576 2675 816 2762 adnotationem,
841 2694 942 2759 spero.
967 2693 1023 2740 eos·
1043 2676 1167 2739 tantum
1191 2673 1328 2751 adhibui,

198 2782 312 2864 quibus
334 2781 544 2864 interpolandi
567 2781 703 2865 origines
726 2783 766 2856 et,
780 2781 905 2846 bonitas
930 2781 1042 2846 eximia
1058 2781 1084 2845 P
1101 2780 1173 2845 libri
1195 2779 1330 2864 perspici

196 2889 341 2969 possunt.

240 2994 264 3057 E
289 2992 437 3056 Parisinis
463 2992 541 3058 duos
569 2992 601 3056 in
629 2991 776 3056 auxilium
806 2990 930 3067 uocaui,
957 3009 1090 3073 quorum
1112 2991 1192 3055 altor
1220 3010 1329 3054 mem-

194 3100 417 3163 branaceus
456 3096 510 3163 Nr.
555 3099 651 3175 2769,
685 3096 779 3161 olim
819 3094 1080 3168 colbertinus
1118 3096 1202 3160 3653
1242 3096 1328 3160 siue

152 3205 345 3288 NRegius
377 3205 465 3268 4235
496 3204 645 3269 foliorum
673 3203 736 3266 162
759 3198 789 3264 N
810 3200 986 3284 insignitus
1013 3201 1127 3267 11111111
1150 3202 1328 3266 uncialibus

162 3367 164 3371 ,
196 3311 332 3393 scriptus
351 3312 460 3376 estut
479 3310 589 3392 opinor
602 3304 651 3373 est
666 3307 782 3382 Omont
800 3312 832 3372 et
848 3306 932 3372 Sam.
947 3306 1065 3392 Berger
1082 3307 1328 3373 adsentientibus

196 3417 322 3481 saeculo
360 3415 495 3498 septimo
534 3415 588 3479 uel
618 3415 731 3478 octauo
767 3411 894 3493 ineunte
932 3417 1084 3489 exaratus,
1117 3431 1190 3478 cum
1219 3412 1339 3477 Alfred·

194 3521 314 3586 Holder
332 3540 405 3586 eum
430 3541 455 3588 s.
477 3518 626 3584 Vl-'VII
649 3518 817 3582 adtribuat.
841 3538 912 3601 pars
931 3519 1032 3603 prima
1049 3519 1185 3593 binione,
1205 3517 1328 3582 duobus

195 3622 450 3709 quaternionibus
486 3629 519 3690 et
548 3625 650 3690 tribus
686 3624 772 3689 foliis
808 3627 965 3704 constans,
1000 3626 1065 3689 alta
1097 3625 1327 3700 02351111,

192 3735 259 3799 lata
281 3733 378 3799 0177
401 3749 617 3798 1111111111
640 3731 672 3795 in
696 3730 830 3815 singulis
852 3731 977 3815 paginis
1001 3729 1213 3809 1111111111
1235 3729 1326 3793 haec:

192 3841 215 3904 f.
237 3838 538 3904 11-14111111111
563 3838 728 3902 Eormulas
751 3856 770 3901 1
792 3837 938 3920 ‘serpens’
962 3854 1053 3900 uoce¹
1073 3855 1103 3917 p.
1132 3836 1174 3898 29
1202 3835 1255 3900 lin.
1286 3836 1327 3898 20

192 3945 390 4027 incipientes,
420 3945 442 4008 f.
468 3941 556 4008 14⁸⁴
579 3943 625 4006 De
655 3941 781 4007 Graecis
809 3942 986 4020 nominibus
1013 3942 1137 4016 (Isidori
1165 3960 1236 4023 opp.
1264 3939 1328 4003 IllI

194 4053 259 4114 525
287 4069 357 4133 app.
387 4050 429 4113 20
459 4049 507 4114 11.
537 4045 687 4133 drahel),
710 4047 733 4110 f.
758 4044 912 4112 lid-21b
941 4047 1130 4112 quentio
1162 4050 1326 4112 sanotae

197 4157 342 4222 crucis.
380 4155 650 4220 accuratissimam
685 4153 863 4218 inuenimus
901 4153 1144 4237 descriptionem
1179 4153 1211 4216 11
1247 4151 1326 4215 libro
