2902 4636
141 265 184 329 96
444 266 470 319 S.
500 265 684 320 Eucherii
708 264 980 334 Lugdunensis

143 456 282 522 domini
315 460 394 524 uini
426 461 518 525 meri
549 460 683 544 plenus
717 461 775 523 est
804 457 918 525 mixto
943 459 979 522 et
1000 455 1208 521 inclinauit
1235 477 1273 522 cr

143 564 211 629 hoc
234 565 271 629 in
293 567 376 642 hoc:
400 571 655 632 uernmtamen
678 566 761 635 faex
784 565 865 629 eius
889 583 958 629 non
983 566 1040 628 est
1063 562 1273 627 exinanita?

187 669 274 735 Calix
297 672 416 737 domini
443 674 560 761 mixtus
589 671 803 737 misericordia
826 674 858 735 et
880 669 1012 744 iudicio:
1045 668 1218 732 inclinatur
1241 686 1275 732 er

144 776 254 841 hocin
273 777 363 855 illud,
384 798 454 844 cum
475 781 512 844 dc
531 779 744 845 misericordia
761 779 793 841 in
812 777 964 841 iudicium
983 775 1090 839 diuina
1107 774 1277 839 seueritate

144 882 311 960 transitur:
343 884 411 949 faex
444 889 549 950 antem
582 886 650 950 eius
673 886 743 951 ideo
767 904 828 950 non
862 882 1043 960 exinanitur,
1068 883 1143 965 quia
1175 881 1316 945 adhucr

145 987 292 1051 ultimum
316 989 425 1055 iudicii
446 996 634 1057 reseruntur.

189 1093 336 1163 XXXHI.
356 1095 443 1176 Quae
461 1098 667 1182 significantia
685 1101 744 1174 est,
764 1097 845 1180 quod
866 1095 1025 1160 scribitur:
1051 1097 1087 1158 et
1109 1093 1278 1174 reliquae

148 1200 403 1284 cogitationes
427 1205 523 1270 diem
545 1206 683 1269 festum
708 1206 819 1287 agent
840 1203 934 1266 tibi?

190 1305 326 1372 Pulchre
358 1309 431 1374 hinc
463 1311 649 1388 ostenditur,
673 1309 757 1392 quod
784 1308 862 1372 deus
889 1307 1026 1389 puritate
1049 1304 1166 1368 mentis
1189 1304 1280 1366 uelut

150 1411 284 1490 quadam
306 1414 480 1481 iestiuitate
503 1417 646 1481 laetatur.
1298 1426 1323 1465 1⁰

192 1517 353 1586 XXXIIH.
377 1523 463 1600 Uer,
481 1523 592 1605 inquit,
613 1520 773 1587 tonitrui
794 1519 830 1583 in
854 1523 947 1593 rota:
973 1517 1047 1599 quid
1069 1516 1121 1581 hic
1144 1515 1280 1580 sentien-

152 1620 226 1687 dum
251 1631 319 1691 est?
606 1697 608 1701 y
841 1682 844 1687 .

193 1729 305 1796 Rotam
341 1734 413 1798 hinc
448 1735 554 1817 ipsum
591 1734 669 1797 dixit
706 1732 809 1796 orbem
849 1733 959 1803 tenue,
997 1748 1033 1794 eo
1075 1729 1160 1811 quod
1200 1729 1283 1792 intra

151 1834 292 1901 eiusdem
316 1840 399 1904 orbis
421 1845 523 1907 rotam
548 1840 766 1904 circumierant
787 1838 927 1902 tonitrua
948 1836 1118 1919 mugitum.

193 1941 320 2010 XXXV.
358 1943 440 2023 Quid
470 1946 718 2030 intellegendum
750 1949 799 2009 est
831 1944 869 2008 de
901 1943 971 2021 hoc,
1005 1942 1088 2024 quod
1120 1940 1282 2005 scribitur:
1301 1951 1324 1992 1⁶

152 2049 188 2109 et
209 2053 400 2130 percussit
422 2053 596 2117 inimicos
620 2071 707 2117 suos
729 2053 766 2116 in
789 2051 1022 2132 posteriora?

196 2151 373 2220 Secundum
398 2159 522 2222 literam
548 2160 690 2223 ulcerum
716 2159 842 2221 illorum
870 2157 906 2220 fit
932 2153 1186 2220 commemoratio
1219 2152 1285 2236 qui-

152 2258 211 2323 bus
231 2265 306 2353 sunt
324 2265 474 2348 allophyli
492 2265 524 2327 in
542 2265 715 2346 posteriora
733 2262 886 2345 percussi:
912 2260 1083 2325 secundnm
1106 2259 1284 2323 interiorem

153 2385 227 2431 uero
265 2388 391 2435 sensum
426 2363 647 2454 percutiuntur
682 2369 801 2433 inimici
838 2368 887 2431 dci
923 2368 955 2430 in
991 2365 1174 2448 posteriora,
1213 2384 1286 2429 cum

154 2470 279 2538 domino
301 2475 419 2540 iudicio
442 2477 615 2559 puniuntur
638 2477 783 2540 extremo.
1301 2480 1330 2522 ¹⁰

116 2592 118 2595 ’
186 2579 341 2645 XXXVI:
367 2580 467 2659 Quem
490 2582 648 2666 significat
666 2581 788 2644 dicens:
813 2577 1077 2644 exterminauit
1100 2596 1178 2641 eam
1201 2571 1287 2659 aper

157 2681 198 2746 de
223 2685 322 2750 silua
345 2691 382 2751 et
404 2686 609 2770 singularis
633 2685 734 2750 ierus
759 2684 937 2766 depastus
962 2685 1019 2747 est
1042 2685 1140 2746 eam?

199 2792 318 2875 Aprum
342 2794 393 2858 hic
416 2793 657 2877 Uespasianum,
680 2795 718 2856 ut
746 2791 872 2873 quidam
901 2791 1018 2865 dicunt,
1046 2789 1118 2852 uult
1144 2786 1285 2871 intellegi

158 2897 212 2976 qui
239 2899 371 2965 Iudaeos
403 2900 488 2965 bello
520 2900 675 2974 uastauit:
709 2899 900 2980 singularem
933 2896 1035 2960 ferum
1067 2895 1175 2958 Titum
1207 2894 1285 2959 Ues·

156 3003 279 3082 pusioni
300 3005 400 3070 filium
424 3006 478 3088 qui
499 3006 700 3070 Hierusalem
724 3003 955 3087 oppugnatione
979 3000 1185 3081 consumpsit.
1303 3005 1328 3048 ὕ

202 3109 359 3175 XXXVII.
392 3112 541 3195 Legimus
572 3111 605 3174 in
636 3112 774 3192 psalmo:
807 3108 962 3184 Israhel,
996 3107 1028 3171 si
1060 3106 1190 3189 audias
1222 3123 1287 3182 me,

158 3232 228 3278 non
257 3216 328 3284 erit
353 3218 388 3282 in
417 3221 452 3281 te
481 3219 571 3281 deus
594 3235 743 3291 recens:
765 3234 827 3297 quo
850 3214 944 3278 modo
967 3212 1054 3276 istud
1077 3211 1288 3294 accipiemus?

203 3320 290 3385 idola
313 3324 365 3387 uel
387 3324 606 3388 antichristum
624 3321 823 3385 refutandum
842 3339 911 3384 esse
929 3319 1120 3401 pronuntiat.
1145 3317 1289 3382 Christus

161 3429 265 3490 autem
290 3428 366 3494 deus
389 3449 497 3494 recens
520 3448 580 3493 non
605 3432 680 3505 erat,
703 3428 780 3492 licet
801 3425 917 3490 munde
944 3444 1000 3508 per
1027 3443 1150 3487 caruem
1173 3423 1289 3487 nostris

251 3653 329 3708 ars.
347 3654 388 3719 rs,
408 3653 439 3707 11
519 3652 720 3716 murare
804 3648 1011 3711 uaesanae
1087 3647 1120 3700 21
1140 3647 1176 3700 rr.
1195 3648 1236 3711 ro,
1257 3647 1290 3700 14

163 3738 349 3808 corusco

198 3865 424 3920 dexaeuanitaS
475 3863 640 3918 3mirtosS
690 3860 865 3967 ⁴tdiininasS
917 3857 1092 3914 lXXXIII
1107 3857 1289 3925 qnae-homo

159 3993 189 4046 p.
211 3981 248 4031 97
267 3979 284 4033 l.
302 3983 338 4033 13
356 3980 449 4036 om.S
503 3980 632 4049 reliquiae
653 3978 782 4047 (reliquae
800 3976 836 4046 A)
855 3975 1050 4044 cogitationum
1064 3972 1119 4028 AV
1173 3973 1291 4042 8agen-

164 4066 238 4120 tibus
257 4068 315 4121 AV
367 4069 397 4123 11
417 4069 511 4138 inquid
523 4068 580 4123 PV
632 4068 665 4121 18
684 4065 883 4136 allofyliPAV
934 4065 967 4118 19
985 4061 1143 4133 posterioP
1194 4061 1228 4114 23
1246 4059 1292 4112 hic

164 4169 251 4223 surpra
269 4157 316 4210 lin.
336 4158 363 4211 P
418 4158 453 4212 28
471 4157 662 4211 antechristum
681 4156 709 4208 P
760 4156 793 4208 29
812 4153 944 4208 deusdous
962 4151 990 4204 P
