2902 4636
525 270 842 326 Instructionnm
864 273 928 329 lib.
953 275 974 330 1.
1268 279 1312 344 85

187 466 223 526 et
249 462 411 528 dicebat:
440 467 609 543 sanctus,
637 469 804 545 sanctus,
834 471 988 532 sanctus
1016 469 1188 534 dominus
1217 489 1312 534 exer-

187 569 349 633 situum?

226 675 263 738 In
281 677 340 742 hae
358 676 480 742 uisione
494 678 646 743 Iohannes
657 679 852 762 euangelista
862 679 1022 744 dominum
1037 681 1141 745 lesum
1152 679 1312 747 Christum

185 782 221 847 ab
244 782 338 846 Esaia
367 782 474 847 uisum
505 802 574 848 esse
606 786 741 849 testatur
776 785 898 849 dicens:
931 787 1020 850 haec
1051 787 1146 850 dixit
1167 786 1310 864 Esaias,

156 888 330 971 *qnando
358 888 458 953 nidit
484 889 641 972 gloriam
669 891 760 968 eius,
789 892 825 954 et
850 891 1002 956 locutus
1027 891 1068 955 de
1093 911 1143 956 eo.
1176 892 1312 974 primum

184 1013 257 1079 ergo
280 994 332 1057 hic
353 994 522 1076 quaeritur,
547 996 724 1077 quomodo
755 996 898 1078 seraphin
921 997 1002 1062 circa
1026 996 1142 1062 domini
1164 998 1310 1061 thronum

184 1102 305 1165 stantes
326 1100 443 1183 pariter
465 1104 497 1165 et
518 1102 625 1166 nolare
649 1101 801 1167 dicantur.
828 1103 907 1166 bene
930 1103 990 1167 hoc
1013 1121 1155 1167 sermone
1178 1103 1311 1187 mystico

182 1207 336 1289 propheta
358 1207 521 1289 depromit,
546 1207 619 1290 quia
641 1207 699 1274 deo
722 1208 844 1272 adstare
867 1209 952 1273 idern
975 1213 1025 1274 est
1046 1210 1130 1291 quod
1151 1210 1257 1275 notare
1281 1212 1312 1272 et

183 1313 215 1376 in
239 1312 374 1377 sublime
398 1314 547 1389 exaltare3
571 1313 702 1393 sedebit,
730 1315 785 1397 qui
811 1315 941 1379 festinat
971 1315 1135 1380 obtutibus
1167 1325 1312 1398 apparere

140 1429 166 1466 ¹⁰
186 1418 313 1494 diuinis.
337 1418 421 1500 quod
442 1439 517 1484 uero
536 1420 681 1502 seraphin
700 1420 758 1485 alis
777 1420 843 1484 suis
861 1421 972 1485 faciem
992 1421 1108 1502 operire
1126 1420 1311 1496 indicantur,

182 1525 244 1589 hoo
260 1524 387 1603 idcireo,
407 1527 480 1609 quia
498 1545 599 1609 neque
617 1526 780 1591 hominurn
798 1527 963 1609 quisquam
977 1546 1077 1609 neque
1091 1528 1158 1591 ulla
1172 1529 1312 1590 creatura

183 1629 307 1695 diuinae
334 1631 509 1696 maiestatis
531 1631 639 1696 lumen
671 1632 886 1714 contemplari,
909 1635 946 1695 ut
968 1635 1026 1710 est,
1049 1635 1165 1714 potest.
1197 1632 1309 1696 faciem

184 1756 256 1822 ergo
280 1738 313 1801 et
333 1737 429 1818 pedes
452 1737 567 1810 uelant,
596 1757 632 1802 eo
660 1739 744 1820 quod
769 1738 860 1802 nobis
888 1741 920 1802 et
947 1740 1017 1802 ante
1044 1738 1196 1803 mundum
1224 1757 1311 1819 prae-

183 1843 276 1913 terita
298 1846 330 1906 et
351 1847 425 1925 post
446 1844 598 1908 mundum
621 1843 727 1907 futura
749 1845 898 1910 celentur.
927 1845 994 1908 alae
1018 1862 1142 1927 qnoque
1165 1844 1310 1925 seraphin

138 1966 165 2004 u
184 1947 325 2013 indicant
343 1948 442 2013 diuini
458 1949 625 2013 ministerii
642 1950 858 2026 uelocitatem3
879 1969 958 2033 qnae
976 1950 1047 2015 ideo
1067 1950 1201 2034 singulis
1220 1968 1311 2014 senae

185 2059 267 2134 sunt,
292 2054 364 2136 quia
387 2073 424 2119 ea
444 2056 569 2118 tantum
590 2055 622 2118 in
645 2054 762 2119 mundo
793 2075 872 2137 quae
903 2074 955 2120 sex
982 2055 1094 2120 diebus
1122 2059 1197 2120 sunt
1229 2055 1313 2120 facte

185 2162 406 2245 conspicimus.
435 2161 518 2244 quod
540 2180 615 2228 uero
643 2162 721 2225 aiter
747 2161 786 2224 ad
813 2164 947 2226 aiterum
975 2163 1111 2226 clamant
1133 2164 1166 2225 et
1189 2160 1310 2224 dicunt:

185 2271 323 2346 sanctus,
342 2270 479 2346 sanctus,
499 2271 627 2331 sanctus
646 2266 791 2331 dominus
810 2266 1011 2343 exercituum,
1031 2285 1125 2329 unam
1145 2265 1313 2330 ostendunt

186 2374 381 2439 diuinitatem
404 2373 437 2436 in
460 2374 608 2455 mysterio
631 2372 791 2436 trinitatis.

142 2493 168 2531 π
228 2481 285 2544 ΙΠ.
310 2477 392 2558 Quid
413 2479 637 2562 respondemus
665 2478 710 2542 eis
741 2477 795 2560 qui
817 2477 927 2543 dicunt
948 2476 1052 2541 nobis:
1077 2475 1151 2557 quid
1173 2475 1313 2540 fecerunt

185 2585 302 2660 Iudaei,
322 2585 350 2648 si
373 2585 495 2649 credere
519 2603 578 2648 non
601 2585 789 2665 potuerunt?
814 2582 887 2664 quia
910 2599 1037 2646 necesse
1060 2580 1132 2657 finit,
1151 2583 1187 2644 ut
1210 2599 1310 2644 sermo

185 2690 296 2780 Esaiae
331 2689 502 2773 prophetae
536 2689 720 2770 impleretur
751 2687 899 2757 dicentis:
932 2686 1150 2750 exoaeoauit
1181 2687 1310 2750 oculos

186 2816 310 2862 eorum
341 2798 377 2858 et
402 2795 596 2860 indurauit
619 2814 744 2860 eorum
768 2813 840 2872 cor,
864 2796 905 2857 ut
923 2791 1165 2857 nonuideant
1189 2792 1310 2856 oeulis

186 2908 223 2967 et
248 2902 476 2986 intellegant
503 2901 612 2966 corde
641 2903 677 2965 et
700 2902 979 2973 conuertuntur,
1003 2901 1041 2962 et
1062 2916 1186 2962 sanem
1208 2897 1309 2961 illos.

142 3018 168 3058 ¹⁵
229 3008 385 3091 Propheta
407 3008 467 3072 hoc
488 3006 649 3089 praedixit,
672 3007 746 3088 quia
773 3006 849 3070 deus
877 3006 937 3070 hoc
963 3004 1105 3067 futurum
1134 3022 1203 3067 esse
1225 3021 1310 3084 prae·

187 3114 291 3178 sciuit.
323 3132 422 3195 neque
455 3113 537 3177 enim
566 3114 674 3194 potest
696 3111 735 3175 ad
756 3112 921 3192 peccatum
949 3108 1124 3189 conpellere
1154 3107 1231 3171 deus
1260 3108 1311 3171 cui

186 3239 246 3286 non
273 3222 380 3302 potest
405 3219 528 3300 placere
554 3220 732 3299 peccatum·
759 3217 792 3280 in
814 3215 864 3280 his
887 3232 961 3299 ergo
985 3233 1046 3279 non
1068 3212 1310 3295 praedestinatio

187 3326 296 3390 diuina·
314 3325 526 3408 intellegenda
548 3325 597 3388 est
626 3322 682 3388 sed
705 3321 921 3405 praescientia.
949 3319 988 3384 de
1010 3320 1124 3384 hocin
1147 3320 1310 3403 euangelio

186 3432 347 3497 scribitur:
370 3434 568 3513 propterea
589 3449 658 3495 non
682 3430 856 3511 poterant
883 3426 1041 3504 credere,
1067 3425 1153 3507 qnia
1174 3425 1309 3489 iterum

275 3620 479 3685 olonnam
535 3620 569 3673 22
587 3619 631 3673 Es.
651 3620 676 3682 6,
696 3620 729 3673 10
779 3618 813 3672 29
831 3618 889 3672 Ioh.
910 3618 952 3680 12,
970 3617 1082 3686 292qu.

222 3763 380 3818 3iohannis
397 3762 426 3815 P
502 3761 632 3815 dseraiin
650 3758 736 3814 PAV
774 3721 776 3724 Α
811 3759 934 3813 Bastare
952 3757 1036 3811 PAV
1113 3756 1265 3809 9exulture
1284 3757 1310 3810 A

1108 3829 1216 3862 mundumut
1225 3830 1268 3870 post

186 3877 367 3933 sedebetPV
430 3876 611 3948 optutibusP
658 3877 690 3931 11)
704 3876 800 3930 serafin
810 3873 895 3928 PAV
942 3874 974 3928 13
990 3889 1021 3926 ea
1035 3873 1061 3925 V
1076 3872 1202 3927 mundum
1220 3878 1311 3927 futura

188 3968 307 4021 celentur
324 3966 382 4032 (sio)
400 3965 428 4018 P
491 3967 526 4020 14
543 3966 638 4019 serafin
656 3964 739 4018 PAV
800 3964 832 4017 15
850 3962 972 4032 mysterii
988 3961 1047 4015 AV
1107 3960 1139 4014 17
1159 3961 1310 4016 olamantn

185 4071 295 4108 erasum
307 4055 339 4107 io
349 4053 376 4106 P
387 4055 435 4108 sed
446 4053 567 4121 equitur
579 4053 672 4107 dieunt
716 4051 750 4105 20
762 4049 983 4120 respondebimus
995 4049 1050 4103 AV
1093 4049 1127 4101 22
1141 4051 1276 4104 excercuit
1284 4052 1311 4102 A

186 4169 223 4223 aa
241 4134 315 4222 sanem
322 4168 350 4221 P
401 4170 436 4224 as
453 4133 605 4238 priorsus
622 4167 649 4220 Ρ
699 4166 733 4219 nr
753 4165 958 4236 praemensus
975 4163 1031 4218 nu
