2902 4636
504 264 553 318 De
579 262 694 318 laude
721 263 874 320 heremi.
1183 267 1243 330 191

123 457 235 542 spatiis
260 459 409 540 exposita,
429 457 551 522 tantum
573 456 717 521 hostibus
741 456 807 521 suis
831 456 937 522 clausa
960 457 1011 521 sit.
1038 456 1150 523 inuisit
1172 476 1246 523 sane

124 563 268 648 speciosa
299 563 415 629 deserti
446 562 631 627 laetantium
662 562 843 648 angelorum
876 562 990 628 ebenus
1018 566 1050 627 et
1075 582 1132 645 per
1156 564 1245 629 illam

123 669 217 736 laaob
241 669 358 734 scalam
381 671 591 735 commeantes
613 668 774 733 heremum
797 668 971 751 frequentia
992 669 1115 734 abditae
1138 669 1247 734 uisita-

123 775 219 841 tionia
254 775 432 840 inlustrant.
471 774 502 839 in
540 775 596 839 illo
633 793 755 857 quoque
787 774 915 840 meridie
946 793 1079 858 sponsus
1105 775 1244 855 recubat,

89 872 378 962 ababitatbresqne
405 879 521 945 deserti
548 880 676 944 caritate
708 880 863 944 uulnerati
895 882 1144 964 contemplantur
1174 899 1245 946 eum

124 986 283 1053 dicentes:
328 985 556 1050 inuenimus
598 1004 709 1067 quem
749 984 892 1069 diligit
931 986 1058 1050 anima
1097 989 1243 1065 nostra,

123 1090 351 1156 tenebimus
376 1109 460 1154 enm
484 1091 616 1154 6111611
641 1107 725 1154 enm
749 1089 1008 1158 dimittemus.

163 1197 219 1263 aa
242 1191 313 1262 Non
336 1198 386 1261 est
406 1195 647 1273 infructuosum,
670 1199 708 1260 111
725 1195 870 1275 ereditur,
888 1215 950 1262 uun
969 1200 1018 1262 est
1034 1197 1120 1262 istud
1139 1197 1245 1263 sterile

120 1301 242 1367 heremi
264 1303 368 1366 solum
385 1320 443 1366 1166
460 1300 626 1366 infecunda
644 1301 759 1365 arentis
778 1320 851 1366 sara
869 1300 994 1367 deserti.
1017 1301 1061 1366 ibi
1079 1302 1244 1385 multiplex

75 1432 104 1474 16
121 1427 251 1493 germen
278 1410 311 1472 et
337 1410 485 1472 centenus
512 1407 635 1472 fructus
662 1407 769 1471 accola
794 1407 944 1472 recondit.
981 1425 1042 1472 non
1064 1407 1156 1473 facile
1178 1407 1244 1474 11116

120 1514 206 1578 iacta
233 1512 354 1578 semina
379 1531 471 1578 setus
498 1512 583 1577 uiam
611 1511 759 1576 decidunt
786 1531 864 1595 quae
891 1513 1036 1577 uolucres
1069 1514 1245 1591 absumant,

121 1637 178 1684 nee
200 1618 233 1683 in
254 1620 382 1700 petrosa
397 1618 489 1683 facile
508 1618 688 1683 dilabuntur
705 1637 784 1699 quae
802 1638 862 1683 non
880 1618 1028 1683 habentia
1046 1618 1243 1684 altitudinem

118 1727 221 1789 terrae
245 1726 312 1789 orto
337 1723 403 1789 sole
431 1725 575 1788 aestuent
601 1725 634 1787 et
659 1726 809 1801 arescant,
832 1742 931 1806 neque
953 1723 986 1788 in
1008 1724 1131 1807 spineta
1151 1724 1243 1791 facile

120 1829 249 1915 fugiunt
285 1848 363 1912 quae
399 1829 461 1893 iam
498 1828 613 1893 adultis
651 1828 791 1893 sentibus
828 1828 1008 1893 obruantur.
1052 1829 1141 1895 uberi
1176 1829 1242 1895 11116

76 1960 103 2001 rs
120 1953 256 2000 messem
279 1937 433 2016 prouentu
456 1935 585 1999 colonus
608 1936 716 2009 metet,
734 1932 916 2015 producitur·
932 1933 965 1997 in
982 1934 1032 1999 his
1051 1935 1133 2000 saxis
1151 1954 1242 2020 seges

117 2040 176 2104 illa
196 2059 253 2122 per
279 2058 372 2122 quam
397 2039 495 2104 etiam
522 2057 595 2105 ossa
620 2038 841 2122 pinguescunt.
877 2039 1037 2104 inuenitur
1058 2041 1153 2105 etiam
1174 2041 1242 2107 illie

117 2146 207 2229 panis
230 2145 325 2209 uiuus
348 2145 403 2227 qui
425 2144 463 2209 de
487 2145 571 2216 eaelo
590 2143 761 2210 descendit.
785 2150 952 2228 erumpunt
973 2145 1005 2209 in
1026 2144 1091 2210 illis
1110 2146 1240 2229 rupibus

117 2250 222 2316 fontes
240 2251 357 2335 inrigui
379 2252 411 2314 et
429 2269 526 2334 aquae
544 2250 637 2315 uiuae
656 2269 735 2332 quae
749 2259 812 2315 'non
831 2251 980 2315 satiandis
999 2250 1112 2329 solum,
1131 2270 1240 2316 uerum

118 2355 214 2421 etiam
226 2359 361 2440 possunt
375 2356 519 2421 sufficere
533 2355 702 2420 saluandis.
721 2355 772 2420 hic
789 2356 945 2420 interioris
964 2356 1099 2421 hominis
1116 2360 1240 2439 pratum

70 2490 101 2531 66
117 2465 153 2528 61
181 2463 345 2545 halapiae,
377 2461 430 2527 hie
460 2461 615 2527 indultum
647 2461 819 2540 desertum,
850 2461 917 2526 11116
947 2462 1026 2526 mira
1052 2463 1239 2528 amoenitate

116 2567 291 2633 ineundum
319 2570 385 2647 est,
418 2567 587 2650 eademque
615 2566 752 2651 corporis
784 2571 834 2632 est
862 2567 1008 2632 heremus
1041 2567 1161 2632 animae
1187 2586 1239 2652 pa·

115 2672 250 2739 radisus.

161 2779 213 2845 40.
250 2777 346 2844 Nulla
375 2780 438 2843 iam
471 2780 614 2861 quamuis
650 2779 762 2845 fertilis
797 2779 893 2844 tellus
924 2769 1023 2843 terrae
1055 2778 1173 2844 heremi
1204 2797 1238 2843 se
1359 2832 1361 2835 ,

116 2885 349 2967 temperatione
378 2884 552 2950 iactauerit.
590 2887 639 2950 est
664 2889 747 2950 terra
773 2885 878 2968 aliqua
903 2885 1047 2969 frugibus
1076 2884 1175 2951 ditis?
1205 2884 1238 2948 in

70 2988 176 3057 nahae
197 2989 331 3054 manime
354 2990 494 3054 nascitur
515 2989 705 3055 frumentum
732 2991 811 3055 illud
843 2990 927 3074 quod
954 2990 1126 3055 esurientes
1150 2990 1240 3074 adipe

116 3112 175 3159 sao
203 3095 308 3161 satiat.
348 3099 397 3160 est
423 3095 484 3159 alia
511 3096 651 3180 grauidis
677 3097 760 3161 laeta
785 3096 926 3161 uinetis?
957 3096 989 3160 in
1016 3097 1075 3161 hac
1106 3095 1238 3160 maxime

115 3200 273 3281 profertur
294 3200 404 3265 uinum
425 3201 516 3279 illud,
540 3202 624 3284 quod
650 3202 727 3267 bene
754 3201 904 3269 laetificat
931 3221 983 3267 661
1008 3201 1153 3268 huminis.
1190 3205 1239 3267 est

116 3303 178 3369 alia
193 3306 320 3389 pascuis
339 3310 525 3390 praestana?
548 3308 579 3371 in
602 3308 660 3374 hac
683 3307 884 3373 saluberrime
906 3311 1041 3391 pascunt
1062 3326 1139 3373 oues
1164 3307 1237 3372 illae

116 3408 156 3474 de
187 3411 302 3493 quibus
334 3412 467 3478 dicitur:
503 3432 621 3497 pasce
654 3432 749 3479 oues
780 3433 895 3478 meas.
937 3417 986 3479 est
1016 3414 1078 3477 alia
1107 3413 1237 3478 floribus

70 3542 100 3586 aa
115 3515 200 3598 piata
226 3519 456 3584 uernantibus?
486 3519 519 3583 in
546 3518 604 3584 bae
631 3520 763 3584 maxime
790 3538 884 3584 uerus
911 3519 964 3584 ille
990 3519 1047 3583 fles
1076 3519 1178 3601 campi
1205 3520 1236 3582 et
1311 3545 1312 3549 ¹

202 3689 345 3756 161613,
359 3695 377 3747 4
413 3693 627 3764 1611166614)
664 3693 697 3749 16
711 3693 779 3764 (161.
794 3694 818 3757 6,
832 3694 877 3759 61)
916 3692 948 3747 17
962 3692 1032 3762 (161.
1044 3694 1069 3758 1,
1086 3693 1234 3760 14;1,36)

115 3773 363 3847 1116614114)
417 3780 452 3834 aa
471 3780 527 3849 (aa.
546 3781 605 3846 166,
624 3781 668 3848 16)
722 3779 895 3845 11161111,
914 3780 946 3833 11
1000 3779 1035 3834 aa
1054 3778 1143 3849 (eant.
1161 3780 1187 3849 a,
1207 3783 1233 3850 1)

150 3880 223 3954 261]
237 3883 356 3938 sedEF
387 3884 521 3958 Gdiligit]
539 3887 675 3958 quaesiuit
683 3885 742 3942 EF
774 3887 928 3943 leumom.
942 3885 1031 3942 ΕΓΗ
1063 3887 1237 3943 8116111161]

115 3969 290 4026 9111166111]ᾱί
306 3973 337 4027 E
406 3974 439 4029 10
461 3974 551 4030 aetola
572 3975 674 4030 fructus
691 3972 781 4029 ΕΓΗ
865 3975 923 4029 illic
940 3975 1028 4030 ΕΓΗ
1097 3977 1130 4032 13
1147 3981 1235 4032 terrae

112 4072 166 4114 6111.
182 4054 212 4113 E
297 4065 455 4117 exaestuant
471 4063 505 4116 H
578 4063 610 4118 19
628 4063 744 4135 pratum]
763 4067 857 4133 pastus
875 4063 909 4118 Η
981 4064 1234 4121 21ioaundnsER

112 4145 388 4205 structurarum
425 4151 460 4206 26
474 4151 594 4221 pauidis
612 4149 700 4207 om.R
735 4151 768 4205 27
788 4151 839 4221 est]
859 4155 887 4206 et
895 4151 953 4207 EF
984 4152 1237 4223 aspernantem*
