2902 4636
144 238 207 302 184
451 233 478 288 S.
505 232 688 288 Eucherii
714 231 987 303 Lugdunensis

190 426 242 491 19.
275 423 357 504 Quid
381 424 491 490 deinde
512 425 691 502 Helisaeus,
719 427 916 490 consectator
939 425 1025 490 uitae
1052 426 1148 492 buius
1176 431 1268 511 atque

143 532 297 597 uirtutis?
321 549 421 596 nonne
439 529 567 613 perinde
590 529 768 594 diuinorum
790 529 1009 596 miraculorum
1031 550 1122 614 opere
1146 533 1268 612 claruit,

144 656 236 722 quem
263 637 419 721 insignem
447 654 528 700 nunc
557 635 676 701 scissus
703 638 835 713 torrens,
861 655 943 701 nuuc
970 636 1114 703 innatans
1141 639 1269 718 ferrum,

144 755 227 808 nunc
257 741 402 820 rediuiui,
435 760 517 807 nunc
550 741 611 807 clei
641 740 831 807 incrementa
861 740 1012 820 lecerunt,
1040 743 1157 826 quique
1184 732 1269 828 post·
1308 826 1309 830 Ἰ

145 848 274 915 modum
304 850 378 932 post
409 847 470 912 alia
497 866 590 930 quam
616 847 752 930 plurima
778 846 969 928 duplicatam
995 848 1028 912 in
1056 868 1089 913 se
1116 850 1268 916 uirtutem
1298 874 1311 915 s

146 954 366 1040 magistrihoc
385 953 480 1018 etiam
498 952 710 1035 conprobauit,
726 952 809 1035 quod
826 952 881 1017 ille
899 955 1058 1035 superstes
1077 953 1270 1033 detructum,

145 1061 197 1126 hic
219 1060 402 1126 defunctum
426 1059 630 1125 exsuscitauit
651 1058 715 1122 iam
739 1058 914 1124 defunctus.

190 1170 242 1232 20.
273 1167 346 1231 Filii
374 1185 497 1249 quoque
523 1167 744 1249 prophetarum
775 1165 894 1230 relictis
926 1166 1058 1231 urbibus
1086 1166 1272 1248 expetebant

146 1274 269 1358 gemino
293 1265 482 1338 defluentem
508 1273 594 1337 fonte
616 1270 779 1336 Iordanem
807 1270 1067 1353 exstruebantque
1093 1270 1125 1335 in
1154 1271 1270 1338 abditis

145 1379 346 1445 tabernacula
371 1380 491 1443 remoto
518 1377 627 1443 iuncta
652 1377 791 1441 torrenti.
831 1376 1003 1440 excubabat
1026 1376 1136 1441 colrors
1166 1360 1273 1443 sancta
1289 1403 1312 1445 m

147 1480 260 1550 secreti
296 1483 434 1549 fluminis
470 1483 547 1566 ripis
583 1482 673 1547 uelut
708 1481 895 1564 quibusdam
927 1500 1036 1565 sparsa
1065 1482 1209 1548 tentoriis
1241 1486 1273 1548 st

147 1588 393 1654 habitationibus
421 1588 567 1673 congruis
600 1587 726 1673 egregia
751 1586 872 1652 indoles
901 1587 1048 1670 spiritum
1075 1586 1273 1653 custodiebat

146 1699 321 1778 paternum.

193 1800 246 1864 21.
271 1798 353 1879 Quid
375 1799 429 1864 ille
452 1819 513 1882 quo
536 1799 636 1864 maior
652 1798 733 1865 iuter
754 1797 921 1862 mulierum
943 1799 1033 1863 natos
1055 1817 1117 1863 non
1141 1797 1273 1863 surrexit

152 1924 251 1970 nonne
274 1905 306 1969 in
331 1904 452 1970 desedc
476 1904 612 1970 clamans
633 1904 666 1968 in
690 1903 811 1968 deserto
834 1903 988 1968 uiuebat?
1023 1903 1055 1968 iu
1083 1902 1206 1969 deserto
1234 1905 1271 1968 ab
1289 1932 1312 1973 rs

148 2010 207 2076 boc
229 2011 406 2094 baptismus
429 2010 572 2088 traditur,
594 2009 627 2074 in
650 2009 773 2074 deserto
797 2007 988 2092 paenitentia
1008 2007 1217 2090 praedicatur,
1241 2009 1272 2072 in

149 2116 270 2182 deserto
293 2115 430 2198 primum
451 2115 568 2181 mentio
591 2115 678 2199 regni
701 2114 846 2180 caelestis
868 2114 1008 2179 infertur.
1045 2113 1089 2179 ibi
1116 2115 1194 2180 haec
1220 2114 1274 2180 ille

150 2221 350 2287 audientibus
373 2220 493 2304 primus
516 2211 659 2305 ingessit,
683 2220 739 2285 ubi
761 2219 838 2285 haec
861 2219 954 2284 citius
978 2219 1117 2285 ambiens
1141 2220 1274 2303 quisque

149 2327 330 2410 promeruit.
354 2326 578 2393 necimmerito
601 2326 727 2391 iuturus
749 2325 799 2390 hic
822 2325 938 2390 arduus
965 2324 1121 2389 habitator
1148 2324 1294 2402 deserti,

149 2434 287 2497 -aute
314 2431 427 2497 faciem
454 2431 573 2497 domini
599 2432 729 2516 angelus
757 2431 904 2508 mittitur,
926 2466 970 2477 —
992 2429 1077 2494 uiam
1103 2430 1314 2500 reseratius

152 2538 287 2603 caeleste
309 2557 441 2622 regnum
465 2540 496 2602 et
517 2556 700 2620 praecursor
723 2540 755 2601 ct
775 2537 868 2601 testis
892 2536 1016 2620 dignus,
1039 2535 1093 2618 qui
1114 2539 1237 2617 patrem
1259 2553 1275 2600 e

151 2643 236 2708 caelo
260 2644 440 2725 loquentem
464 2643 595 2721 audiret,
618 2642 718 2706 filium
741 2640 927 2725 baptizando
956 2640 1159 2724 contingeret,
1186 2640 1275 2722 spiri·

151 2751 219 2813 tum
242 2751 387 2814 sanctum
409 2747 651 2815 descendentem
673 2746 804 2814 uideret,

196 2855 248 2918 22.
285 2855 358 2937 Ipse
390 2871 514 2936 quoque
547 2852 691 2925 domimus
723 2871 759 2918 ae
792 2853 930 2918 saluatur
961 2855 1068 2918 noster
1098 2851 1276 2934 baptizatus

152 2960 327 3039 confestim,
360 2963 397 3024 ut
429 2958 585 3042 scriptura
615 2958 669 3035 ait,
701 2977 719 3022 a
750 2957 863 3042 spiritu
889 2958 921 3022 in
948 2957 1107 3022 desertum
1139 2957 1271 3024 ducitur.
1291 2993 1314 3034 ,ἦ

152 3066 223 3149 quis
255 3065 308 3131 bic
340 3083 413 3150 ergo
447 3068 495 3129 est
531 3062 686 3147 spiritus?
727 3062 884 3128 cunctata
921 3063 1031 3128 subest
1065 3063 1165 3141 nulla
1202 3063 1275 3144 quin

152 3174 292 3237 sauctus.
329 3169 422 3254 quod
437 3169 548 3235 deinde
572 3169 700 3253 spiritus
724 3172 851 3234 sanctus
874 3168 1026 3252 pertrahit
1050 3168 1087 3232 in
1106 3166 1275 3246 desertum,

151 3276 299 3342 nimirum
330 3276 418 3342 istud
448 3276 503 3341 ille
535 3275 641 3354 dictat,
669 3275 723 3341 ille
750 3275 837 3339 istud
863 3275 979 3340 tacitus
1005 3275 1146 3358 inspirat,
1179 3274 1275 3358 fitque

241 3464 412 3534 auvnag.
427 3463 453 3528 a,
468 3464 582 3531 e‚413)
619 3463 829 3532 unimam)
867 3463 1077 3536 rouvaege)
1116 3465 1149 3519 14
1163 3465 1273 3533 (natea.

152 3554 213 3608 ae
231 3553 275 3620 11)
329 3551 524 3616 causetur,
545 3551 571 3620 1)
637 3607 640 3613 ,

188 3677 205 3730 2
223 3674 350 3730 inclaruit
366 3674 400 3729 H
446 3677 463 3728 4
480 3673 663 3746 postmodum]
682 3676 817 3745 postremo
831 3673 917 3729 ΕΓΗ
973 3675 989 3728 6
1008 3673 1131 3745 magistri
1148 3673 1274 3728 uirtutem

154 3765 236 3820 etiam
258 3763 308 3817 hoc
325 3762 360 3817 H
436 3762 622 3818 tersuscitat
638 3761 666 3817 R
745 3761 956 3832 Sexpectabant
972 3761 1003 3816 E
1081 3762 1113 3816 lo
1136 3761 1229 3816 choros
1245 3758 1279 3815 Η

155 3851 189 3906 14
206 3850 329 3906 uatusE
344 3851 424 3917 (corr.
439 3853 530 3917 212.)
548 3853 627 3904 natos
645 3849 832 3904 mulieran
877 3850 910 3903 17
927 3849 971 3904 hic
989 3849 1083 3905 illisR
1131 3849 1165 3903 18
1182 3847 1280 3904 hocH

155 3940 188 3994 19
207 3937 339 4008 nequeH
389 3937 489 3992 deserti
505 3936 743 3993 habitatorEFH
775 3938 809 3992 21
827 3953 939 4007 regnum
958 3938 1050 3992 christi
1063 3937 1121 3992 EF
1153 3937 1187 3991 22
1201 3935 1277 3992 audi·

155 4031 213 4083 erat
229 4029 259 4083 E
309 4029 343 4083 25
362 4028 468 4083 deserto
485 4027 544 4082 EF
593 4027 627 4082 26
646 4029 722 4098 ergo]
738 4026 824 4097 igitur
840 4026 928 4080 ΕΓΗ
993 4025 1069 4079 nulla
1087 4023 1181 4079 subest
1190 4021 1279 4079 ΕΓΗ

154 4117 189 4171 28
207 4116 281 4171 istud
297 4115 366 4171 illud
385 4115 470 4171 dictat
486 4115 533 4171 ille
550 4114 618 4171 illud
636 4115 670 4169 H
