2902 4636
184 193 249 256 194

182 385 255 467 plus
278 382 423 448 attuleris
446 401 485 447 sn
507 382 611 448 maius
633 381 804 447 inueneris.
827 385 866 447 tu
887 401 971 448 nnus
991 381 1096 448 usrior
1112 383 1232 449 Israhel
1257 387 1313 470 qui

183 489 275 554 corde
303 489 397 553 deum
422 488 617 570 conspicaris
645 488 683 552 ab
709 487 852 572 Aegypto
880 488 999 554 saeculi
1025 488 1162 554 tenebris
1191 489 1312 555 dudum

183 594 347 676 expeditus
379 593 558 660 salutiferas
590 612 688 676 aquas
719 593 882 658 submerso
912 593 1004 658 hosts
1034 595 1253 676 transgressus
1279 595 1313 658 in

184 701 308 765 deserto
341 718 508 765 accensum
539 700 615 765 fidei
645 700 750 783 ignem
783 702 912 764 secutus
942 717 1047 763 smsra
1072 699 1230 781 quondam
1257 719 1315 783 per

183 806 306 889 lignum
329 807 431 870 crucis
455 805 559 870 dulcis
585 825 668 870 nunc
691 804 850 888 experiris,
873 805 1014 870 salientis
1036 804 1068 869 in
1090 805 1191 869 uitam
1213 808 1314 872 aster·
1342 828 1354 867 s

184 931 256 976 nam
274 931 372 996 aquas
389 915 500 996 potum
519 912 677 978 schristo
695 911 805 989 trahis,
822 912 982 977 internum
999 911 1158 976 hominem
1177 929 1312 994 superno

183 1036 263 1101 pane
285 1018 400 1101 pascis,
422 1019 454 1082 in
478 1019 642 1102 euangelio
670 1019 774 1084 throni
801 1019 850 1083 tui
877 1016 1015 1082 diuinam
1041 1016 1160 1099 accipis
1187 1035 1312 1083 uocem.

184 1123 239 1206 qui
262 1143 334 1188 cum
351 1125 468 1190 Israhel
492 1125 525 1189 in
546 1125 673 1190 heremo
697 1124 874 1202 contineris,
894 1143 966 1188 sum
984 1123 1057 1188 Iesu
1074 1126 1189 1188 terram
1206 1141 1312 1204 repro·

184 1229 343 1296 missionis
365 1231 507 1298 intrabis.
544 1233 616 1296 uals
638 1231 670 1295 in
694 1230 818 1296 christo
840 1231 913 1296 Iesu
938 1228 1063 1293 domino
1085 1232 1203 1294 nostro.

271 1421 287 1473 7
306 1420 413 1490 (naith.
432 1420 475 1483 19,
493 1419 539 1490 28)

219 1542 387 1596 fisslientes
410 1556 493 1610 squas
510 1539 600 1594 ΕΓΗ
667 1540 813 1594 Gintsrim
832 1539 865 1592 11
933 1538 1058 1592 ithroni
1074 1538 1126 1609 tui]
1150 1539 1266 1593 tonitrui
1283 1541 1312 1594 B

185 1631 316 1698 (fortasse
332 1631 375 1683 ita
392 1627 574 1695 sentiendum)
637 1627 829 1698 8sontineris]
849 1626 1017 1680 commoraris
1034 1625 1092 1682 Es*
1146 1626 1266 1697 Explicit
1282 1623 1316 1699 R*

185 1718 301 1788 Explicit
324 1717 386 1786 epta
408 1710 452 1770 Εἰ
479 1715 596 1769 eucherii
624 1716 800 1785 lugdunensis
829 1708 953 1786 archiep-i
969 1714 1003 1768 ds
1029 1713 1110 1768 laude
1131 1714 1233 1768 heremi
1254 1715 1314 1770 EF

184 1806 219 1860 H
233 1810 272 1860 est
290 1805 402 1858 mutilus
