2902 4636
249 255 371 321 XXIIII
721 253 933 310 Praefatio.

250 445 335 510 nario
372 446 403 510 di
437 446 625 512 Erudizione
666 448 1023 513 morico-ecelesiastica.
1062 450 1294 534 Compilazione
1331 453 1381 518 del

251 552 411 619 Canaliere
439 553 579 620 Castano
607 554 730 620 Moroni
756 555 907 620 Romano.
922 551 1002 620 Vol.
1031 556 1110 620 LIX.
1139 577 1170 640 p.
1195 559 1380 623 431-432.

249 658 435 724 InVencnia
450 658 557 744 1852).
577 659 691 741 quibus
710 660 990 743 praestantissimis
1005 662 1166 728 codicibus
1180 662 1239 728 hae
1256 663 1380 729 litterae

250 756 335 829 haud
356 765 465 848 paucis
487 765 568 831 locis
591 770 666 830 sunt
687 767 878 833 emendatae.

293 871 463 936 Praesidiis
496 872 624 955 optimis
654 872 830 938 instructus
863 874 900 938 de
933 873 1048 956 quibus
1081 893 1177 958 supra
1204 876 1316 941 rettuli
1341 875 1381 940 ad

98 950 250 1032 ΜΨ
251 976 459 1043 adornandam
500 977 574 1042 edit
551 980 667 1042 tionem
707 998 824 1045 nouam
864 979 993 1046 necessi.
1037 998 1086 1044 ars
1124 980 1271 1046 critica
1261 1001 1294 1045 nn
1330 980 1380 1046 hia

251 1083 396 1165 operibus
418 1082 592 1148 lectitanda
614 1083 785 1151 lectionum
808 1085 960 1150 electione
984 1085 1160 1150 continetur
1187 1086 1381 1152 coniectandi

168 1184 170 1188 ’
249 1188 363 1254 tinibus
395 1192 461 1254 tam
488 1194 623 1274 anguste
651 1184 906 1274 circumscriptis,
935 1193 972 1255 ut
998 1191 1083 1256 idem
1105 1191 1185 1255 mihi
1208 1192 1251 1257 sit
1272 1211 1380 1256 ueren-

250 1294 335 1373 dum,
368 1295 490 1378 quod
482 1317 514 1360 nn
548 1297 692 1388 Cypriani
723 1297 859 1362 editione
894 1301 964 1381 part
964 1297 992 1363 ιι
950 1297 1085 1361 ιΠΙ.
1122 1317 1152 1380 p.
1189 1297 1380 1361 LXXXVIII

236 1399 463 1484 .(Vindobonae
498 1401 755 1483 MDCCCLXXI)
785 1403 947 1468 Ilartelius
981 1406 1032 1468 est
1065 1403 1237 1486 professus,
1269 1423 1309 1469 ne
1339 1405 1378 1469 iis

249 1525 329 1588 opus
364 1527 470 1572 meum
508 1527 618 1590 pamm
653 1509 812 1591 probetur,
850 1510 903 1592 qui
945 1512 1110 1574 auctorum
1150 1510 1379 1594 recognitiones
1423 1495 1425 1538 3

249 1611 478 1678 adnumerum
505 1614 648 1678 locorum
676 1614 911 1678 emendatomm
939 1615 1104 1680 aestimare
1132 1617 1164 1679 et
1190 1611 1379 1698 perpendere

249 1718 361 1783 solent.
394 1719 548 1800 epistulae
580 1720 627 1783 De
662 1719 755 1784 laude
791 1720 911 1784 heremi
944 1715 1152 1786 conditionem
1183 1721 1284 1785 multo
1315 1720 1379 1804 pei·

249 1843 335 1888 orem
371 1844 440 1889 esse
477 1844 572 1907 qnam
616 1828 790 1891 ceterorum
830 1826 982 1891 libromm
1017 1827 1081 1892 iam
1118 1846 1213 1909 supra
1253 1827 1378 1892 demon·

249 1930 358 1994 strani.
382 1930 557 1997 coniciendi
585 1931 708 1996 libidini
734 1931 865 1997 modum
891 1934 1066 2015 posuerunt
1086 1932 1293 2015 proprietates
1316 1951 1379 1997 ser·

248 2037 350 2102 monis
374 2037 560 2101 Eucheriani
584 2038 727 2123 cognitae
751 2041 784 2103 et
804 2040 994 2121 perspectae.
1018 2057 1076 2104 nos
1099 2039 1191 2103 docet
1211 2038 1377 2121 Augustus

247 2143 457 2226 llngelbrecht
475 2137 774 2228 (Untersuchungen
793 2143 870 2210 uber
888 2144 938 2208 die
957 2142 1094 2226 Spraehe
1112 2144 1167 2208 des
1187 2143 1377 2209 Claudianus

247 2249 432 2313 Mamertus.
461 2238 673 2333 Sitnungsber.
698 2249 728 2313 d.
751 2250 934 2317 Phil-Hist.
959 2249 1068 2315 Classe
1095 2249 1125 2315 d.
1152 2251 1182 2322 k.
1205 2249 1377 2313 Ahademio

249 2353 303 2419 CX
320 2351 434 2440 (1886)
453 2375 484 2437 p.
503 2355 800 2437 aramundarus
814 2356 1004 2425 Mamertum
1019 2356 1244 2437 Sidoniumque
1262 2354 1377 2437 Apulei

247 2459 477 2543 Frontonisqus
504 2460 642 2546 uestigia
667 2461 834 2543 pressisse,
858 2480 966 2526 eorum
989 2479 1164 2526 sermonem
1185 2460 1218 2524 in
1242 2459 1378 2525 Calliam
1433 2460 1434 2463 ’

246 2565 416 2641 induxisse,
444 2568 589 2649 quamuis
620 2567 768 2633 Sidonius
800 2568 951 2650 exempla,
979 2587 1058 2650 quae
1089 2565 1239 2632 imItando
1271 2567 1378 2630 essent

248 2673 475 2756 consequenda,
491 2677 523 2737 et
534 2673 673 2739 Gellium
685 2678 717 2738 et
725 2673 865 2739 Plinium
875 2676 908 2738 et
918 2672 1140 2757 Symmachum
1149 2672 1377 2756 proposuisset

247 2778 423 2843 Eucherius
450 2781 557 2844 autem
584 2781 707 2843 ueteres
732 2778 853 2844 Calliae
880 2779 1021 2843 rhetores
1050 2781 1178 2843 secutus
1202 2778 1377 2842 secundnm

249 2882 369 2949 Sidonii
398 2887 566 2967 praecepta
588 2885 872 2967 ,sermocinabatur
895 2887 1018 2967 praeter
1043 2884 1116 2949 illos
1142 2886 1207 2949 tres
1234 2883 1322 2948 uiros
1345 2885 1377 2947 et

247 2989 452 3054 Pmdentium
475 2994 508 3054 et
531 2990 698 3056 Claudium
722 2990 929 3062 Claudianum
956 2989 1111 3067 imitatus,
1134 2988 1225 3054 cuius
1251 3008 1376 3055 carmen

248 3097 296 3161 De
317 3099 409 3179 raptu
430 3096 635 3180 Proserpinae
667 3095 909 3181 diligentissime
942 3096 1008 3161 sine
1041 3096 1136 3162 dubio
1167 3095 1375 3174 lectitaucrat,

247 3197 325 3266 lieet
353 3202 405 3266 hie
436 3202 503 3266 illic
533 3203 597 3266 iam
624 3202 741 3267 indicia
762 3222 840 3267 usus
866 3200 1030 3271 Claudiani
1051 3200 1230 3266 Mamertini
1253 3200 1376 3266 Sidoni·

248 3307 359 3390 auique
382 3311 572 3391 apparerent.
597 3327 727 3389 quarum
749 3307 961 3372 imitationum
984 3306 1058 3389 qnia
1080 3325 1204 3388 semper
1223 3306 1375 3390 rationem

248 3413 344 3478 habui
374 3415 433 3494 uel
456 3414 488 3477 in
519 3414 613 3478 rebus
646 3413 906 3497 orthographicis,
939 3431 1011 3476 cum
1042 3412 1068 3476 P
1100 3411 1206 3477 codice
1243 3412 1376 3495 exempli

248 3518 348 3603 gratia
383 3519 496 3601 scripsi
527 3519 677 3603 heresis,
715 3538 793 3601 quae
828 3519 928 3584 forma
963 3518 1047 3601 apud
1081 3517 1290 3582 Pmdentium
1326 3519 1376 3583 est

248 3624 465 3693 usitatissima.
504 3624 560 3690 sed
596 3626 673 3690 haec
704 3627 867 3691 hactenus.
900 3625 972 3688 data
1004 3623 1167 3689 occasions
1199 3641 1374 3688 sermonem

247 3731 474 3797 Eucherianum
501 3732 677 3798 accuratius
704 3733 839 3797 tractare
865 3730 944 3795 mihi
966 3731 997 3793 in
1026 3730 1129 3794 animo
1153 3731 1212 3807 est,
1236 3730 1273 3792 ut
1295 3747 1375 3811 quae

248 3837 365 3920 scripta
382 3837 522 3922 episcopi
535 3836 755 3922 Lugdunensis
775 3837 838 3902 sint
856 3835 1000 3920 genuina,
1016 3853 1095 3918 quae
1112 3835 1193 3899 falso
1207 3832 1374 3915 adscripta,

248 3942 416 4009 diiudicare
439 3946 472 4009 et
494 3943 805 4025 discemerepossis.

290 4049 357 4114 Iam
380 4053 469 4134 grata
489 4049 712 4114 beneficiorum
734 4049 886 4114 memoria
909 4067 962 4114 eos
985 4046 1132 4132 prosequi
1151 4047 1250 4121 decet,
1270 4044 1374 4128 quiin

247 4155 305 4219 hac
326 4155 474 4221 Eucherii
501 4173 629 4237 operum
656 4156 743 4237 parte
772 4154 890 4220 edenda
911 4173 962 4219 me
984 4153 1182 4219 adiuuerunt.
1204 4151 1237 4215 in
1263 4149 1373 4232 primIs
