2902 4636
399 377 536 431 Passio
564 375 852 446 Ageunensinm
878 379 1093 446 martyrum.
1238 379 1300 442 169

176 571 371 637 sacramenta
392 569 489 653 regia,
512 568 591 634 nihil
613 569 703 634 nobis
727 569 934 635 deserendis
958 568 1065 634 credas
1091 587 1218 634 necesse
1242 572 1300 646 est,

177 677 204 741 si
221 676 322 758 prima
344 674 584 759 perrumpimus.
606 675 799 742 Christianos
819 675 857 740 ad
874 694 1007 759 poenam
1029 695 1085 759 per
1106 693 1164 740 nos
1185 674 1301 756 requiri

175 781 277 847 iubes.
314 781 378 845 iam
403 781 463 845 tibi
490 800 526 846 er
552 781 613 847 hoo
639 782 694 846 alii
720 780 897 864 requirendi
924 799 984 845 non
1013 783 1097 857 sunt,
1125 778 1221 843 habes
1249 778 1300 842 hie

176 906 232 952 nos
256 886 440 952 confitentes
465 887 557 951 deum
580 891 701 970 patrem
725 891 885 953 auctorem
905 885 1044 960 omnium
1063 887 1096 950 et
1112 883 1213 948 filium
1233 884 1300 948 eius

148 993 284 1085 eIesum
308 992 469 1059 Christum
497 993 590 1057 deum
619 992 785 1058 oredimus.
821 992 961 1057 uidimus
982 992 1127 1057 laborum
1149 990 1301 1073 periculo-

175 1116 307 1180 rumque
342 1101 522 1164 nostrorum
559 1099 662 1164 socios
701 1098 792 1164 nobis
833 1116 958 1181 quoque
1000 1116 1107 1163 eorum
1149 1097 1300 1181 sanguine

176 1203 312 1285 aspersis
329 1205 479 1269 trucidari
496 1205 577 1270 ferro
596 1210 628 1269 et
646 1208 750 1271 tamen
769 1205 1040 1279 sanctissimorum
1064 1202 1301 1269 conmilitonum

175 1314 292 1375 mortes
324 1313 357 1374 et
388 1309 520 1376 fratrum
551 1312 661 1376 funera
691 1330 752 1376 non
784 1311 939 1390 fieuimus,
967 1329 1028 1376 non
1052 1309 1222 1386 doluimus,
1246 1307 1301 1374 sed

174 1416 280 1498 potius
310 1416 513 1481 laudauimus
547 1419 579 1482 et
609 1417 725 1502 gaudio
756 1416 916 1501 prosecuti
947 1435 1066 1487 sumus.
1105 1415 1179 1498 quia
1214 1413 1302 1498 digni

135 1553 158 1590 ro
175 1522 275 1587 habiti
302 1526 408 1588 essent
434 1523 501 1606 pati
526 1542 581 1606 pro
610 1523 735 1589 domino
764 1522 820 1588 deo
844 1542 962 1588 eorum.
1000 1525 1032 1587 et
1053 1540 1136 1587 nunc
1158 1540 1220 1585 non
1244 1538 1301 1586 nos

174 1630 227 1693 uel
245 1628 322 1695 haec
339 1629 453 1693 ultima
470 1629 554 1693 uitae
572 1629 743 1695 necessitas
761 1629 792 1693 in
810 1628 1013 1695 rebellionem
1032 1628 1146 1712 coegit,
1164 1645 1225 1691 non
1244 1644 1301 1690 nos

175 1733 343 1800 aduersum
364 1737 407 1813 te,
430 1737 609 1818 imperator,
638 1736 772 1801 armauit
797 1737 867 1818 ipsa
894 1735 1000 1800 saltim
1028 1754 1107 1817 quae
1129 1733 1303 1800 fortissima

175 1843 224 1905 est
262 1841 295 1905 in
335 1841 485 1924 perieulis
526 1841 712 1924 desperatio.
752 1845 897 1907 tenemus
939 1859 1010 1905 ecce
1052 1858 1137 1904 arma
1173 1841 1205 1904 et
1240 1858 1300 1903 non

173 1947 362 2023 resistimus,
386 1946 459 2030 quia
485 1947 566 2012 mori
592 1966 686 2029 quam
713 1947 854 2014 occidere
879 1947 956 2012 satis
979 1947 1138 2011 malumus
1162 1947 1194 2008 et
1214 1944 1301 2009 inno·

136 2074 157 2112 n
175 2055 280 2118 centes
312 2053 438 2117 interire
471 2072 566 2134 quam
597 2053 680 2118 noxii
712 2054 819 2118 uiuere
850 2056 1082 2135 praeoptamus.
1120 2051 1148 2116 si
1171 2049 1247 2133 quid
1268 2050 1299 2114 in

174 2177 230 2223 nos
253 2159 337 2222 ultra
359 2159 517 2235 statueris,
537 2158 659 2241 siquid
682 2159 946 2236 adhuciusseris,
969 2157 1091 2240 siquid
1113 2157 1311 2250 admoueris,

172 2264 273 2347 ignes,
296 2266 461 2341 tormenta,
485 2265 611 2341 ferrum,
636 2264 739 2330 subire
761 2265 862 2346 parati
885 2279 1007 2336 sumus.
1031 2263 1225 2330 Christianos
1243 2281 1300 2327 nos

173 2369 320 2446 fatemur,
342 2370 489 2452 persequi
513 2368 707 2436 Christianos
729 2389 791 2435 non
813 2389 993 2453 possumus.

216 2475 254 2541 V.
280 2474 359 2540 Cum
391 2475 469 2539 haec
501 2475 579 2539 talia
600 2476 808 2540 Maximianus
836 2475 977 2540 audisset
1004 2475 1240 2555 obstinatosque
1266 2473 1299 2537 in

134 2603 155 2641 ro
172 2580 233 2645 fide
266 2579 383 2645 Christi
419 2584 558 2650 cerneret
594 2582 713 2646 animos
751 2581 890 2645 uirorum
927 2580 1095 2664 desperans
1131 2579 1299 2672 gloriosam

173 2705 280 2751 eorum
317 2686 526 2751 constantiam
566 2705 660 2768 posse
700 2687 842 2756 reuocari
876 2705 938 2751 una
975 2685 1131 2751 sententia
1165 2684 1299 2749 interfici

173 2811 281 2857 omnes
304 2791 447 2856 decreuit
465 2794 497 2855 et
514 2811 579 2856 rem
604 2793 714 2859 confici
738 2792 936 2858 circumfusis
959 2792 1096 2857 militum
1119 2791 1299 2875 agminibus

171 2897 269 2963 iubet.
302 2895 356 2978 qui
388 2915 459 2961 oum
491 2897 582 2962 missi
613 2897 653 2966 ad
682 2898 899 2964 beatissimam
935 2897 1093 2981 legionem
1128 2897 1298 2963 uenissent.

173 3002 332 3086 stringunt
349 3003 381 3066 in
400 3005 526 3068 sanctos
543 3003 677 3086 impium
696 3004 812 3069 ferrum
830 3004 910 3071 mori
927 3022 988 3068 non
1010 3005 1191 3068 recusantes
1214 3002 1298 3065 uitae

132 3129 156 3169 ro
172 3125 286 3173 amore.
333 3097 556 3173 caedebantur
573 3109 680 3193 itaque
712 3109 830 3193 passim
863 3098 976 3193 gladiis
1004 3127 1065 3172 non
1094 3107 1298 3178 reclamantes

172 3213 277 3276 saltim
310 3216 365 3277 aut
395 3219 616 3298 repugnantes,
649 3215 704 3280 sed
735 3215 888 3298 depositis
926 3214 1020 3279 armis
1057 3220 1196 3279 ceruices
1232 3233 1297 3296 per·

172 3318 368 3383 secutoribus
391 3321 575 3402 praebentes
603 3323 636 3385 et
656 3323 803 3405 iugulum
820 3320 1058 3404 percussoribus
1076 3321 1127 3385 uel
1144 3320 1299 3402 intectum

172 3440 284 3504 corpus
321 3423 495 3488 offerentes.
531 3444 593 3489 non
629 3426 682 3489 uel
716 3426 786 3509 ipsa
822 3443 950 3492 suorum
986 3423 1201 3503 multitudine,
1238 3443 1296 3490 non

208 3585 348 3640 leredere
366 3585 395 3639 D
462 3587 692 3658 hprerumpimus
709 3588 739 3643 D
809 3591 943 3660 requirere
960 3588 990 3642 D
1055 3589 1150 3658 5post
1167 3588 1312 3643 credimus

172 3674 296 3744 leputatur
316 3690 403 3742 supra
426 3675 475 3729 lia.
497 3676 528 3729 do
550 3676 578 3729 P
599 3680 640 3742 (m.
661 3679 701 3744 2.)
724 3681 756 3731 οὺ
774 3678 899 3748 spiritum
921 3679 1044 3731 sanctum
1132 3674 1250 3730 laborem
1269 3677 1299 3731 D

172 3788 328 3858 desponsos
346 3789 480 3844 trucidare
498 3790 527 3845 D
611 3757 814 3847 eoffmilitonum
833 3793 859 3847 P
876 3796 921 3862 (m.
940 3809 975 3847 m.
992 3793 1032 3863 2.)
1094 3791 1251 3847 8dolemus
1269 3792 1299 3846 D

171 3876 344 3930 Claudamus
362 3877 391 3931 D
437 3879 470 3933 13
488 3877 633 3950 disperatio
651 3880 681 3934 D
726 3882 760 3934 14
777 3881 919 3934 mallemus
937 3881 964 3934 P
980 3880 1130 3951 (primuml
1144 3880 1195 3935 dcl.
1214 3897 1247 3935 m.
1260 3884 1296 3943 2.)

170 3963 313 4026 maluimus
331 3966 389 4035 (oio)
407 3966 437 4020 D
526 3969 559 4021 15
577 3973 748 4038 peroptamus
766 3968 796 4023 D
874 3968 903 4022 in
921 3985 971 4024 ora.
990 3968 1020 4022 D
1110 3969 1142 4023 17
1161 3970 1251 4038 ignem
1269 3967 1299 4021 D

168 4050 308 4106 christiani
326 4051 443 4107 fatemur
460 4054 489 4108 D
541 4054 576 4109 ab
595 4057 697 4110 animes
715 4056 745 4111 D
797 4057 829 4112 21
850 4073 973 4112 reuocare
991 4056 1021 4111 D
1061 4052 1108 4112 ‘23
1128 4057 1252 4110 uenisent
1269 4055 1299 4109 D

185 4163 369 4222 4sanctisD
439 4170 474 4223 26
493 4135 712 4241 saltimP(eorr.
731 4189 765 4226 m.
783 4173 822 4240 2.)
888 4173 1019 4241 autlnon
1037 4172 1066 4226 D
1137 4172 1171 4226 26
1190 4156 1335 4241 percuss

160 4254 320 4310 sorihusD
374 4257 578 4328 barchina)
