2902 4636
148 269 210 332 104
447 264 473 317 S.
497 261 686 317 Eucherii
709 263 982 334 Lugdunensis
1038 329 1041 333 y

146 459 300 542 supplicio
323 459 498 542 praesentis
520 477 638 540 poenae
662 460 694 524 et
716 461 803 522 metu
826 457 960 525 futurae.
980 459 1012 520 ct
1029 456 1102 522 hinc
1121 461 1172 523 est
1188 458 1281 536 illud,

148 566 232 649 quod
252 565 285 629 in
310 565 421 630 eodem
444 566 566 650 psalmo
590 565 726 628 canitur:
751 563 897 629 domino
921 563 1109 628 canticum
1133 583 1279 640 nouum,

149 671 233 754 quod
269 672 323 754 qui
357 671 466 736 mundi
502 673 709 754 purgamenta
754 669 924 734 creduntur
956 668 993 733 de
1024 669 1208 734 nationibus
1245 689 1280 735 ae

146 777 275 862 regibus
296 777 492 842 iudicabunt.
1102 774 1105 778 ’

409 969 462 1023 Dr
488 966 743 1023 PROUERBIIS
772 964 1017 1029 SALAllONIS.
1296 995 1309 1035 5

191 1075 217 1139 Ι.
242 1073 381 1141 Coruus
410 1075 599 1141 amicitiae
628 1079 664 1138 et
690 1073 818 1157 pullus
850 1073 1054 1156 gratiarum
1071 1073 1297 1154 'fabuletur'

148 1186 287 1258 tecum3
311 1182 386 1264 quid
409 1183 461 1247 hic
485 1184 672 1263 sequemur?

191 1287 327 1353 (leruum
350 1288 506 1353 amicitiae
530 1286 747 1370 accipiendum
765 1286 817 1350 hic
836 1285 963 1367 quidam
980 1289 1094 1367 putant
1118 1284 1278 1351 Christum

145 1395 245 1459 totius
273 1395 451 1461 dilectionis
480 1397 512 1459 et
538 1393 678 1458 caritatis
709 1392 909 1476 magistmm
941 1392 1067 1474 pullum
1107 1393 1278 1475 gratiarum

146 1499 290 1582 spiritum
313 1504 467 1575 sanctum,
497 1500 550 1581 qui
577 1499 620 1564 sit
648 1499 788 1563 omnium
815 1497 996 1581 gratiam,
1019 1496 1052 1560 id
1081 1501 1131 1561 est
1162 1498 1277 1562 charis·
1294 1521 1320 1565 ro

146 1609 277 1683 matum,
293 1606 488 1671 distributor.
512 1605 716 1669 admonemur
739 1622 812 1687 ergo
832 1622 867 1668 er
886 1603 956 1680 hoc,
976 1606 1013 1666 ut
1031 1622 1155 1686 semper
1169 1602 1274 1668 Christ

145 1712 199 1776 uel
222 1711 323 1776 sancti
346 1711 476 1793 spiritus
500 1710 617 1775 solacia
639 1709 845 1792 requiramus.

189 1817 230 1880 ΙΙ.
256 1815 338 1895 Quid
372 1820 430 1895 est,
460 1816 543 1898 quod
576 1816 738 1880 scribitur:
771 1815 912 1898 septies
945 1814 1052 1880 cadet
1083 1815 1208 1880 iustus
1243 1820 1278 1881 et

145 1922 332 2006 resurgit?

189 2028 225 2091 ln
248 2046 390 2091 sermone
413 2026 523 2109 utique
547 2029 603 2091 aut
623 2025 655 2090 in
674 2026 863 2110 cogitatione
882 2044 954 2090 curn
972 2027 1088 2091 labitur
1110 2030 1166 2091 aut
1192 2032 1274 2095 certe
1292 2049 1320 2090 rs

143 2133 227 2200 intra
262 2132 454 2215 septiformis
491 2132 621 2216 spiritus
659 2132 802 2216 gratiam,
839 2150 911 2197 cum
948 2132 1110 2214 delinquit.
1148 2135 1276 2216 quidam

145 2241 271 2321 propter
290 2241 410 2321 septem
430 2238 496 2303 dies
515 2257 570 2321 per
589 2257 667 2321 quos
687 2239 772 2303 uitae
791 2238 945 2302 humanae
965 2256 1077 2303 cursus
1099 2240 1277 2305 reuoluitur
1306 2248 1309 2296 ἰ

147 2343 263 2426 septies
290 2343 342 2408 hic
358 2343 485 2410 ‘dictum
508 2361 577 2411 esse
605 2344 798 2421 confirmant,
826 2362 862 2408 eo
891 2342 976 2425 quod
1002 2344 1121 2427 absque
1147 2351 1276 2429 peccato

62 2451 64 2455 ’
145 2449 230 2514 uitae
254 2449 355 2532 ipsius
378 2469 489 2516 cursus
513 2469 583 2515 osse
607 2470 666 2515 non
689 2450 801 2531 possit.

524 2639 576 2694 DE
604 2636 894 2693 uectusmsru.
1295 2679 1321 2720 ,ο

190 2745 248 2809 ΙΙΙ.
282 2742 365 2823 Quid
397 2747 456 2824 est,
489 2744 573 2827 quod
595 2744 627 2808 in
650 2743 843 2808 Ecclesiaste
866 2744 1017 2827 legimus:
1054 2746 1087 2808 et
1122 2745 1278 2811 florebit

147 2849 381 2933 amygdalum
409 2853 445 2915 et
469 2849 754 2932 inpinguabitur
785 2850 934 2914 locusta
957 2852 992 2913 et
1015 2850 1266 2934 dissipabitur

148 2955 329 3038 capparis,
362 2955 535 3038 quoniam
566 2952 639 3019 ibit
669 2955 774 3020 homo
798 2955 834 3018 in
859 2955 1004 3021 domum
1037 2958 1277 3025 aeternitatis

148 3064 260 3126 suae?

190 3166 331 3231 Tradunt
340 3187 397 3251 per
407 3167 484 3232 haec
497 3166 705 3230 humanorum
719 3167 931 3230 membrorum
944 3166 1010 3231 fieri
1024 3167 1276 3252 significantiam,
1294 3209 1321 3250 ,5

148 3290 221 3338 nam
239 3271 271 3336 in
290 3273 365 3337 floro
384 3270 543 3356 amygdali
561 3289 654 3335 canos
673 3272 814 3354 capillos,
831 3271 862 3335 in
880 3272 1115 3357 inpinguatione
1136 3275 1277 3340 locustae

145 3380 302 3443 tumorem
335 3371 464 3462 pedum,
501 3377 532 3440 in
570 3376 779 3461 dessipatione
821 3378 963 3461 capparis
1005 3381 1277 3462 concupiscentiae

234 3619 313 3675 aps.
334 3618 427 3684 149‚1
483 3619 641 3684 omont,
662 3619 695 3674 19
749 3618 942 3682 13Prou.24.
963 3621 996 3675 16
1053 3621 1086 3676 21
1100 3622 1187 3677 Eccle.
1203 3623 1276 3687 12,5

184 3758 197 3813 1
213 3756 303 3814 future
314 3760 343 3814 P
393 3760 411 3814 6
429 3759 462 3814 de
477 3776 596 3814 sermone
616 3768 751 3813 ceruorum
767 3763 795 3813 et
807 3760 939 3830 pullorum
953 3778 1006 3830 pro
1019 3763 1195 3832 incoeptione
1211 3763 1279 3820 ἐπιδ*

147 3845 339 3916 inequitaret*
391 3846 424 3902 10
436 3849 606 3902 carismatum
620 3847 700 3901 SAV
751 3847 782 3901 11
798 3851 1019 3904 amnionemurP
1067 3852 1100 3905 12
1112 3852 1211 3906 solatia
1221 3853 1277 3904 AV

149 3933 182 3988 13
197 3934 385 4040 qma-possit
406 3936 498 3991 omni
603 3933 746 3988 caditAV
825 3938 999 4042 ldblrcsurget
1013 3939 1069 3992 AV
1140 3940 1172 3994 16
1191 3942 1274 4009 septi·

146 4048 244 4103 formes
262 4050 290 4103 P
360 4049 395 4105 22
414 4049 578 4120 amigdalum
596 4049 679 4103 PAV
754 4050 900 4122 dissipatur
916 4053 944 4107 P
1018 4053 1052 4106 23
1072 4070 1200 4125 cappatus
1218 4055 1277 4108 AV

147 4136 183 4190 26
202 4133 330 4207 amigdali
347 4136 432 4191 PAV
