2902 4636
551 265 765 322 Praelatio.
1091 256 1101 274 ’
1152 267 1226 330 XXI

43 515 47 520 ,
97 465 188 526 artae·
213 461 406 546 cognationis
433 460 561 528 uinculo
589 461 788 526 coniunctum
816 463 865 526 ost
896 480 968 525 cum
998 459 1054 524 illa
1084 457 1226 523 uorsione

98 567 284 650 antiquiore,
300 587 394 649 quam
411 566 569 631 indefesso
584 567 712 651 Bergeri
730 565 827 631 labori
848 566 1000 630 debemus
1019 563 1081 649 (cf.
1098 563 1227 628 thioes

99 677 133 738 et
146 673 274 738 armabo
289 673 343 737 des
357 674 544 738 manuscrits
569 673 605 737 de
628 675 659 736 la
675 672 877 754 bibiotbeque
896 671 1051 737 nationale
1070 672 1102 734 et
1124 671 1234 734 arrtres.

98 779 342 861 bibliotheques.
365 779 463 844 Tome
485 779 629 858 XXXIV,
653 781 685 842 2⁶
707 779 815 860 partie.
846 779 960 842 Notice
993 794 1049 841 sur
1078 777 1227 858 quelques

99 887 201 949 textes
228 885 325 949 latins
350 885 466 949 inedita
490 885 527 949 de
550 885 681 949 l'ancieu
703 884 895 950 Testament.
922 903 953 970 p.
978 880 1043 967 24),
1066 901 1138 947 cum
1160 899 1228 964 pro·

97 991 265 1078 phetarum
280 992 384 1056 textus
398 1009 526 1074 prorsus
541 991 685 1056 diuersus
702 991 744 1054 sit
757 992 795 1055 ab
811 1004 862 1067 eo,
874 1009 965 1072 quem
985 989 1023 1052 ab
1037 989 1227 1070 Hieronymo

51 1170 53 1173 .
98 1096 276 1179 profectum
309 1114 377 1161 esse
410 1099 544 1161 constat.
578 1094 700 1174 Quibus
726 1097 806 1161 locis
838 1095 982 1161 omnibus
1015 1095 1100 1158 haud
1131 1093 1228 1166 semel

100 1222 214 1286 graues
247 1203 447 1269 intercedunt
479 1202 703 1285 discrepantiae
734 1203 815 1267 inter
847 1202 872 1266 P
901 1204 933 1266 et
961 1201 981 1266 S
1015 1200 1163 1266 codicem.
1195 1199 1227 1262 iir

99 1308 207 1374 uerbis
239 1312 344 1373 autem
376 1308 504 1373 edendis
531 1309 557 1373 P
585 1309 723 1374 codicem
756 1309 860 1373 solum
892 1310 1020 1372 secutus
1052 1307 1228 1388 exemplum

100 1433 210 1479 eorum
249 1415 363 1498 spreui,
402 1416 456 1497 qui
492 1416 668 1480 uersionem
701 1414 861 1492 Graecam,
898 1432 993 1496 quam
1028 1411 1248 1497 septuaginta

99 1520 324 1604 interpretibus
348 1521 508 1598 debemus,
529 1522 667 1603 aliasque
690 1520 797 1598 Italae,
818 1539 896 1602 quae
918 1521 1060 1597 uocatur,
1078 1517 1229 1583 lectiones

100 1626 134 1690 in
153 1627 304 1690 auxilium
323 1630 448 1692 uocant.
467 1627 547 1691 mihi
570 1625 688 1691 edenda
710 1627 838 1690 suerunt
854 1625 961 1705 biblia,
981 1644 1059 1708 quae
1076 1622 1229 1688 Eucherio

99 1735 227 1816 praesto
258 1732 395 1812 fuerunt,
424 1752 485 1798 uon
516 1736 621 1796 autem
648 1733 722 1796 ficta
743 1732 895 1814 quaedam
920 1735 951 1796 et
974 1730 1160 1815 excogitata.
1192 1729 1230 1793 de

99 1856 177 1901 uera
196 1837 280 1902 enim
293 1838 391 1914 Italae
409 1838 577 1903 formabis
596 1837 789 1921 temporibus
809 1838 950 1920 quaestio
968 1836 1093 1901 iust'tui
1111 1835 1229 1918 nequit.

100 1960 180 2024 quae
213 1961 307 2024 quarn
337 1944 482 2025 plurimis
515 1944 617 2008 dubiis
651 1945 700 2007 est
732 1942 870 2007 obnoxia.
904 1946 995 2007 antea
1022 1941 1076 2023 qui
1107 1944 1230 2024 potrum

98 2047 196 2112 fuerit
211 2048 334 2124 textus,
359 2049 603 2132 cognouerimus
626 2067 755 2112 necesse
778 2052 844 2112 este
870 2047 948 2111 adde
973 2047 1057 2130 quod
1079 2047 1231 2130 fragmen-

98 2152 205 2218 torum
228 2173 311 2218 noua
334 2154 429 2220 editio
453 2158 503 2219 est
525 2154 670 2236 paranda.
694 2168 774 2236 quae
796 2154 900 2218 omnia
923 2153 950 2217 si
972 2153 1111 2236 perfecta
1125 2153 1229 2230 erunt,

100 2259 139 2322 de
170 2259 370 2324 uersionibus
403 2263 474 2325 ante
506 2261 734 2343 Hieronymum
756 2260 883 2324 usitatis
917 2249 1133 2342 quaestionem
1164 2276 1232 2340 per-

101 2364 263 2429 difficilem
285 2383 347 2430 non
370 2365 439 2429 sine
466 2383 616 2430 successu
638 2365 751 2429 habere
773 2365 958 2446 pote1imus.

144 2470 289 2535 Passio
318 2471 618 2555 Agaunensium
648 2470 864 2551 Martyrum
892 2468 1040 2532 Eucherii
1072 2487 1150 2550 opus
1180 2487 1231 2552 ge-

100 2574 232 2638 nuinum
264 2594 334 2640 esse
366 2576 444 2639 mihi
475 2575 633 2658 persuasit
660 2574 770 2642 Stolle.
798 2575 938 2660 (ctDas
967 2566 1155 2657 Martyrium
1178 2574 1233 2638 der

44 2682 46 2685 ’
100 2680 304 2746 thebaisohen
337 2683 465 2766 Legion.
498 2683 629 2746 Breslau
662 2682 743 2746 1891
784 2686 822 2746 et
854 2681 1035 2746 Zeitsohrift
1064 2681 1088 2745 f.
1121 2683 1229 2749 ostem.

103 2786 216 2871 Gymn.
242 2788 327 2852 1893
349 2808 379 2870 p.
405 2786 602 2871 ott-658).
627 2788 711 2871 quod
733 2787 874 2852 codicem
904 2787 1110 2871 antiquiorem
1133 2808 1164 2870 p.
1190 2790 1228 2852 11

102 2891 268 2972 desiderat,
298 2893 350 2958 cui
377 2893 439 2958 nisi
467 2912 492 2957 s.
521 2893 566 2957 lX
588 2893 668 2958 liber
690 2913 752 2958 uon
775 2893 923 2970 innotuit,
950 2893 1072 2958 iamin
1100 2912 1231 2960 censura

102 3019 120 3063 a
137 3019 188 3064 me
211 3000 295 3064 sacta
317 3002 427 3064 uotum
447 2999 578 3082 expleui.
598 3019 669 3064 nam
686 3001 790 3083 passio
811 3003 843 3063 et
861 2999 968 3064 codice
985 3000 1125 3066 Parisino
1144 3003 1230 3066 9550

102 3105 190 3170 nobis
215 3108 265 3170 est
286 3106 410 3171 tradita.
443 3106 517 3169 inde
549 3107 655 3170 autem
686 3108 783 3188 patet,
807 3125 862 3169 cur
889 3107 948 3186 hoc
977 3105 1058 3171 libro
1089 3106 1121 3170 in
1144 3109 1230 3171 text-u
1337 3149 1339 3154 ι

103 3212 323 3276 constituendo
355 3231 433 3276 usus
467 3211 527 3276 sim
560 3211 773 3276 fundamento.
811 3213 970 3293 praeterea
1000 3211 1152 3277 lectiones
1176 3231 1231 3277 co-

103 3316 208 3382 dicis
240 3316 523 3402 Sangallensis
553 3317 845 3381 membranacei
868 3317 932 3380 563
957 3336 982 3382 s.
1006 3317 1147 3399 IXsXI)
1176 3315 1273 3403 (cti)

104 3419 250 3486 Soherrer
271 3443 302 3504 p.
328 3424 404 3508 179)
427 3423 539 3500 adtuli,
560 3424 614 3504 qui
636 3423 815 3505 passionem
832 3442 864 3504 p.
885 3423 1059 3486 218-228
1083 3423 1230 3500 continet,

103 3547 163 3608 quo
191 3528 217 3592 P
244 3529 435 3610 praestantia
461 3528 564 3613 magis
594 3529 740 3594 eluceret.
768 3546 862 3609 quam
893 3528 992 3611 parui·
1015 3529 1109 3611 pretii
1135 3531 1231 3594 ceteri

104 3632 167 3697 sint
198 3634 332 3713 codices,
365 3654 401 3699 ex
432 3634 540 3717 paucis
573 3634 736 3717 scripturis
767 3633 909 3719 intellegi
939 3637 1056 3717 potest,
1088 3655 1166 3719 quae
1197 3636 1229 3700 in

104 3738 238 3804 editione
273 3739 432 3824 Migniana
467 3742 623 3824 leguntur.
669 3739 820 3804 editiones
848 3739 943 3806 vllocci
976 3759 1036 3805 non
1071 3741 1230 3808 faciendae

104 3846 186 3910 sunt.
290 3880 292 3884 -

147 3945 239 4026 Quod
270 3949 310 4014 ad
331 3949 454 4034 Agauni
477 3969 588 4015 nomen
619 3951 765 4034 pertinet,
787 3971 838 4015 me
870 3971 932 4016 non
964 3952 1047 4035 fugit
1076 3972 1232 4019 uocema

106 4052 256 4138 Gregorio
289 4055 506 4138 Turonensip
538 4058 570 4119 et
592 4076 608 4119 e
633 4049 742 4121 littera
769 4057 947 4139 promiscue
980 4058 1128 4140 scriptam
1160 4078 1229 4125 esse

106 4156 165 4239 (Ol.
189 4155 339 4224 Xruschii
361 4160 508 4226 editionis
531 4160 666 4225 indicem
690 4181 716 4226 s.
738 4160 770 4225 h.
789 4162 847 4246 u).
871 4182 943 4226 cum
967 4163 1124 4226 autemid
1149 4166 1228 4229 libro
