2902 4636
554 233 604 287 Do
631 232 745 287 laude
771 232 923 287 heremi.
1235 235 1297 299 183

228 431 274 496 15.
306 429 348 493 Et
368 428 445 493 haec
468 426 612 510 quamuis
634 426 665 490 in
689 425 820 510 figuram
848 427 947 492 nostri
974 428 1057 494 tacta
1083 429 1244 495 tradantur
1266 432 1299 493 et

179 535 273 601 facies
296 535 352 600 illa
373 553 476 599 rerum
498 532 656 616 mysteriis
678 531 789 616 flagret
811 533 954 610 occultis,
974 553 1142 618 omnesque
1159 535 1191 600 in
1209 535 1298 599 Mose

178 641 339 723 baptizati,
367 640 398 704 in
425 639 506 702 nube
534 641 565 703 el
590 638 622 702 in
649 637 727 701 mari
754 655 857 702 escam
885 638 1056 721 spiritalem
1083 640 1297 718 manducasse,
1374 656 1377 669 ¹

178 749 288 829 potum
320 743 490 827 spiritalem
522 742 640 807 bibisse
672 741 852 818 referantur,
884 741 1001 808 tamen,
1019 745 1123 809 omnia
1153 744 1228 809 haec
1253 743 1299 808 ito

148 851 354 926 sluturorum
376 849 536 915 continent
557 847 661 925 fidem,
684 850 721 910 ut
743 849 904 931 gestomm
926 847 1106 915 custodiant
1122 851 1298 927 ueritatem,

180 976 370 1040 quamquam
397 974 452 1021 nec
481 956 527 1020 sic
555 955 680 1036 quidem
711 953 829 1018 heremi
859 954 961 1020 minor
990 957 1060 1021 laus
1089 960 1148 1039 est,
1176 954 1299 1021 etiamsi

180 1081 216 1126 ea
242 1081 320 1145 quae
347 1060 414 1127 illic
441 1064 530 1145 gesta
557 1061 688 1126 suntin
716 1064 978 1126 sacramentomm
1007 1063 1071 1128 sint
1100 1063 1297 1128 altitudinem

179 1168 348 1235 referenda.
372 1167 450 1232 nihil
469 1187 542 1252 ergo
561 1166 679 1252 gratim
697 1167 874 1251 derogatur,
893 1167 1015 1234 etiamsi
1031 1169 1086 1233 ille
1104 1171 1178 1234 tuuc
1196 1170 1298 1234 status

180 1274 316 1356 eorporis
354 1278 385 1338 et
420 1274 681 1339 uestimentorum
717 1292 778 1338 nou
815 1275 923 1337 secuta
958 1274 1114 1355 conuptio
1150 1274 1299 1338 uenturae

135 1406 160 1445 ro
178 1379 262 1444 uitae
286 1380 441 1461 specimen
465 1380 661 1454 detulerunt3
690 1397 803 1462 magna
829 1397 962 1460 namque
983 1378 1046 1444 loci
1067 1378 1168 1464 gratia
1189 1381 1246 1455 est,
1271 1377 1299 1442 si

179 1486 286 1567 qualos
307 1485 386 1550 <illos
413 1483 589 1550 beatissimi
616 1484 734 1549 saeculi
760 1484 894 1548 felicitas
922 1482 1058 1562 habebit,
1081 1486 1161 1549 tales
1183 1484 1215 1549 in
1238 1484 1298 1549 hoc

177 1590 240 1654 iam
262 1590 342 1654 istos
365 1590 509 1656 heremus
531 1590 654 1658 habeat.

225 1697 274 1761 lo.
309 1693 401 1774 Quid,
425 1695 508 1778 quod
529 1695 588 1760 filii
610 1694 728 1760 Israhel
751 1694 789 1759 ad
811 1694 898 1758 illam
922 1693 1156 1759 desiderabilem
1185 1698 1297 1759 terram

178 1821 238 1866 nou
261 1801 321 1866 nisi
344 1801 536 1866 habitatione
559 1801 676 1866 heremi
701 1803 933 1884 peruenerunt?
965 1803 997 1865 et
1023 1804 1060 1866 ut
1086 1820 1163 1886 gens
1190 1800 1297 1865 eadem

134 1933 158 1973 ιε
176 1909 288 1990 postea
309 1907 485 1990 possideret
505 1907 593 1972 illam
616 1908 696 1972 lacte
720 1909 752 1971 et
772 1907 867 1972 melle
888 1908 1074 1983 manantem,
1103 1907 1190 1989 prius
1217 1906 1296 1971 hanc

177 2008 296 2078 aridam
314 2012 696 2096 incultamquepossedit
717 2015 821 2078 totum
845 2032 966 2097 semper
984 2012 1023 2077 ad
1040 2031 1148 2077 ueram
1165 2011 1297 2096 patriam

177 2118 294 2183 heremi
309 2118 521 2182 mansionibus
539 2118 598 2183 iter
614 2118 771 2202 panditur.
794 2118 914 2184 habitet
930 2118 1167 2184 inhabitabilem
1183 2120 1297 2208 terram

178 2224 231 2304 qui
253 2224 325 2287 uult
347 2222 452 2288 uidere
474 2223 555 2288 bona
582 2223 697 2288 domini
723 2223 756 2289 in
781 2224 908 2308 regione
935 2225 1091 2301 uiuorum,
1120 2225 1162 2288 sit
1182 2224 1296 2306 hospes

177 2329 281 2404 huius,
305 2329 359 2410 qui
381 2329 461 2393 ciuis
484 2348 553 2394 esse
576 2330 737 2394 contendit
758 2330 855 2394 illius.

133 2461 159 2502 ao
224 2435 274 2498 17.
308 2433 370 2500 Sed
395 2438 432 2498 ut
458 2435 535 2499 haec
560 2434 744 2517 relinquam,
766 2435 871 2501 Dauid
896 2437 964 2518 ipse
989 2435 1119 2500 insidias
1146 2435 1229 2520 regis
1250 2435 1296 2500 in·

147 2538 148 2541 ’
177 2539 252 2604 festi
275 2557 335 2603 uon
357 2538 418 2602 nisi
437 2557 508 2603 cum
527 2538 685 2604 desertum
704 2543 861 2623 expeteret
879 2541 990 2621 euasit,
1009 2541 1111 2624 quiin
1129 2540 1295 2605 Idumaeae

177 2644 373 2709 ariditatibus
388 2647 596 2710 commoratus
612 2644 772 2710 dominum
785 2649 852 2712 toto
872 2646 962 2713 corde
980 2647 1116 2723 sitiebat,
1134 2647 1171 2710 ut
1188 2645 1296 2712 sitiens

177 2751 208 2814 in
231 2749 355 2815 deserto
379 2751 464 2815 etin
487 2750 572 2815 inuio
596 2753 628 2816 et
649 2751 799 2834 inaquoso
821 2756 898 2818 tuno
916 2753 1042 2818 demum
1061 2754 1221 2836 appareret
1238 2751 1294 2815 deo

168 2856 207 2920 vin
232 2857 340 2922 sancto
364 2875 399 2921 oc
422 2855 569 2940 deinceps
592 2856 642 2921 dei
664 2857 815 2922 uirtutem
837 2859 952 2941 pariter
969 2862 1002 2924 et
1019 2857 1150 2943 gloriam
1168 2858 1295 2923 sanctus

135 2988 161 3030 so
177 2960 308 3027 uideret.

223 3068 274 3131 18.
306 3067 414 3132 Helias
436 3085 512 3132 uero
535 3068 689 3133 maximus
717 3071 909 3134 secretomm
936 3070 1064 3135 colonus
1092 3068 1213 3134 caelum
1238 3067 1295 3133 im·
1392 3130 1393 3133 ,

176 3172 284 3254 brihus
308 3173 430 3250 clausit,
453 3173 578 3257 ignibus
596 3174 755 3253 reserauit,
775 3175 916 3240 ministra
933 3175 1008 3240 alite
1026 3175 1131 3241 cibum
1149 3175 1294 3257 sumpsit,

176 3277 236 3341 tina
266 3277 376 3342 mortis
411 3277 479 3343 iura
513 3278 688 3356 reuocauit,
725 3278 887 3344 Iordanem
923 3279 1088 3345 diuiduum
1122 3279 1294 3362 interrupto

177 3401 266 3446 amne
290 3383 445 3460 transiuit,
469 3384 590 3448 eaelum
614 3383 733 3449 ardenti
756 3403 847 3449 curru
869 3389 977 3469 raptus
1000 3385 1150 3450 ascendit.

264 3553 522 3624 reconna-e)
566 3557 598 3610 rs
612 3556 667 3623 (rs.
680 3557 723 3620 aa,
737 3557 782 3627 13)
811 3558 856 3620 ¹ro
871 3557 949 3629 (spu.
962 3558 988 3621 r,
1002 3557 1047 3625 ro>
1084 3556 1293 3626 acumem)

177 3644 209 3696 21
229 3642 284 3709 (rs.
303 3643 345 3708 se,
366 3642 443 3713 1-3)
501 3644 535 3698 aa
554 3644 606 3710 (m
624 3644 690 3716 neg.
712 3647 753 3710 17,
774 3645 815 3708 18,
834 3645 881 3701 rr.
898 3646 964 3715 nee
982 3646 1009 3716 a)

213 3765 332 3835 lfigurs
349 3766 376 3821 R
428 3766 549 3820 lrcrum
567 3767 672 3821 illarum
691 3768 749 3822 EF
815 3767 892 3823 flaret
908 3768 995 3823 ΕΓΗ
1051 3767 1295 3824 dmanducasse—

176 3853 322 3923 spiritslem
341 3854 432 3907 oueE
449 3854 587 3923 (loquatur
604 3855 635 3908 irs
651 3859 750 3925 marg.)
786 3854 1012 3910 treferunturR
1047 3856 1249 3912 dctiamsiom.
1264 3858 1297 3912 Η

176 3940 364 4010 8ergoom.H
414 3941 616 4010 grsticeom.H
666 3943 825 3998 tuncom.R
860 3944 1066 3998 9consceutaH
1100 3945 1297 4000 llhabcbatH

177 4030 211 4083 15
222 4028 372 4098 possideret
384 4028 525 4098 posteaH
591 4029 666 4083 illam
678 4031 866 4085 terrammelle
879 4031 987 4086 etlacte
1000 4033 1032 4087 Η
1084 4035 1119 4088 22
1136 4037 1194 4088 toto
1209 4033 1294 4089 domi-

177 4132 239 4170 num
256 4115 345 4171 EFH
377 4116 628 4184 repetebar
676 4122 735 4173 tum
751 4119 841 4174 ΕΓΗ
891 4120 1069 4191 apparetEF
1101 4124 1136 4178 25
1148 4123 1229 4178 *uidet
1240 4122 1298 4177 EF
