2924 4636
150 245 214 308 192
447 241 473 295 S.
501 239 683 298 Eucherii
710 240 983 311 Lugdunensis

148 436 251 501 lilium
270 435 461 502 conuallium
478 433 623 520 refulget.
646 437 804 517 postremo
828 435 889 499 alia
905 435 1052 518 pretiosis
1072 439 1104 500 et
1121 436 1275 520 speciosis

150 542 290 607 exultans
312 541 462 618 metallis,
484 541 548 606 alia
569 559 644 606 uero
667 560 742 606 auro
767 560 824 605 suo
847 541 936 605 fulua
958 543 1032 606 est?
1059 541 1090 606 in
1113 542 1173 607 hac
1194 543 1275 608 uarii

148 648 289 731 lapidum
310 647 430 714 micant
450 646 593 712 uibrante
615 649 686 712 luce
710 647 859 732 fulgores.
883 647 928 711 ita
945 650 1026 712 terra
1045 647 1121 713 haec
1140 648 1275 732 singulis

147 755 239 819 terris
262 748 360 819 maior
381 753 420 817 ad
442 753 567 836 singula
589 772 697 818 omnes
720 752 879 837 praecedit
900 752 990 818 bonis
1014 754 1171 818 omnibus.

192 862 244 925 11.
280 861 377 925 Recte
410 878 483 944 ergo
515 862 561 935 tu,
594 858 770 924 ueneranda
800 859 907 935 tellus,
940 861 1058 925 sanctis
1091 858 1147 925 aut
1176 860 1208 924 in
1241 864 1273 926 te
1303 884 1316 925 o

147 967 260 1052 positis
289 972 343 1031 aut
370 986 429 1031 non
457 966 567 1048 procul
594 985 612 1030 a
638 968 670 1030 te
696 967 825 1032 remotis
858 969 914 1032 aut
944 966 1125 1032 habitabilis
1153 967 1273 1033 dudum

149 1076 203 1138 aut
234 1072 449 1138 desiderabilis
482 1071 622 1148 extitisti,
656 1071 729 1154 quia
759 1089 814 1154 pro
841 1071 999 1137 uniuersis
1025 1072 1117 1138 bonis
1144 1072 1210 1138 illis
1224 1092 1225 1095 ¹
1239 1090 1272 1137 es

147 1179 272 1255 fertilis,
302 1179 334 1242 in
367 1196 428 1260 qua
459 1177 613 1241 habentur
643 1176 799 1242 uniuersa.
841 1180 877 1240 tu
913 1176 1066 1243 cultorem
1102 1178 1186 1241 hunc
1219 1177 1273 1260 qui

147 1305 235 1350 suam
264 1288 388 1359 terram,
416 1301 475 1347 non
504 1283 558 1365 qui
584 1285 673 1346 tuam
701 1282 829 1358 excolat,
856 1282 1000 1364 requiris,
1036 1285 1072 1347 tu
1098 1282 1272 1347 inhabitan-

147 1391 226 1455 tium
250 1393 282 1455 te
304 1390 395 1454 uitiis
416 1388 542 1465 sterilis,
565 1391 600 1452 tu
619 1387 752 1452 fecunda
769 1388 951 1453 uirtutibus.
975 1390 1062 1453 trram
1081 1389 1272 1471 quicumque
1292 1413 1319 1452 ro

147 1495 391 1560 familiaritatem
414 1492 579 1577 quaesiuit,
604 1494 697 1558 deum
718 1494 863 1576 repperit,
889 1493 1049 1559 Christum
1075 1495 1106 1559 in
1125 1496 1168 1572 te,
1187 1495 1271 1578 quis·
1356 1476 1358 1480 ⁸

145 1603 216 1684 quis
238 1605 270 1666 te
293 1601 402 1677 coluit,
424 1600 556 1665 inuenit.
577 1600 646 1682 ipse
669 1600 723 1683 qui
745 1603 776 1664 te
798 1600 930 1678 habitat,
950 1600 1075 1666 dominc
1094 1600 1271 1664 habitatore

144 1709 288 1773 laetatur.
324 1707 470 1789 idemque
493 1708 542 1771 est
565 1708 597 1770 et
617 1723 782 1788 possessor
802 1710 878 1771 tuus
907 1708 940 1771 et
966 1705 1073 1771 diuina
1098 1705 1270 1789 possessio.

147 1818 239 1877 tuum
263 1813 400 1896 quinon
427 1811 543 1896 refugit
569 1810 793 1890 habitaculum,
821 1811 923 1876 sactus
951 1815 1000 1876 est
1027 1811 1077 1876 dei
1103 1812 1270 1894 templum.

191 1921 243 1983 42.
266 1918 419 2000 liquidem
438 1917 560 1982 cunctis
577 1915 695 1983 heremi
710 1917 789 1982 locis
808 1935 886 2000 quae
904 1917 1027 2000 piorum
1044 1916 1272 1982 inluminantur
1290 1943 1318 1982 rs

147 2043 284 2102 secessu,
310 2023 517 2097 reuerentiam
544 2022 651 2100 debeo,
679 2023 846 2106 praecipuo
873 2025 977 2087 tamen
1000 2024 1140 2087 birinum
1167 2040 1271 2086 meum

146 2131 262 2196 honore
290 2129 489 2210 complector,
517 2144 596 2210 quae
622 2127 788 2210 procellosi
819 2127 989 2211 naufragiis
1021 2126 1131 2191 mundi
1162 2127 1270 2191 effusis

145 2235 297 2317 piissimis
325 2235 407 2298 ulnis
435 2235 575 2317 receptat
600 2232 774 2309 uenientes,
802 2232 840 2298 ab
868 2232 923 2297 illo
951 2233 1071 2298 saeculi
1101 2232 1269 2318 flagrantes

146 2343 236 2405 aestu
267 2340 379 2405 blande
411 2338 582 2403 introducit
613 2338 671 2403 sub
699 2338 826 2403 umbras
855 2356 939 2415 suas,
966 2341 1004 2402 ut
1028 2337 1095 2404 illic
1123 2337 1269 2420 spiritum

146 2447 205 2511 sub
219 2447 275 2510 illa
288 2445 436 2511 interiore
455 2445 571 2510 domini
587 2445 699 2509 umbra
716 2444 819 2510 anheli
835 2447 1006 2511 resumant.
1029 2444 1119 2527 aquis
1133 2446 1268 2522 scatens,
1288 2473 1319 2511 so

147 2552 252 2617 herbis
275 2551 390 2626 uirens,
417 2551 545 2616 floribus
571 2550 718 2626 renitens,
747 2550 869 2616 uisibus
897 2541 1107 2632 odoribusque
1132 2549 1271 2614 iucunda

147 2658 326 2740 paradisum
353 2656 588 2740 possidentibus
616 2675 650 2721 se
678 2655 811 2722 exhibet.
848 2657 942 2742 digna
968 2675 1047 2739 quae
1079 2654 1270 2720 caelestibus

148 2762 325 2845 disciplinis.
340 2763 499 2828 Honorato
523 2765 648 2828 auctore
671 2761 800 2826 lundata
823 2762 875 2838 sit,
893 2780 971 2845 quac
993 2761 1089 2827 tantis
1111 2760 1269 2826 institutis

147 2870 271 2933 tantum
299 2870 390 2934 nacta
416 2866 461 2936 sit
484 2869 605 2952 patrem
633 2867 798 2949 apostolici
826 2867 956 2951 spiritus
982 2867 1093 2952 uigore
1120 2869 1153 2931 et
1174 2865 1269 2930 uultu

147 2975 334 3048 radiantem3
368 2973 462 3058 digna
488 2992 567 3056 quae
593 2972 684 3036 illum
717 2973 893 3056 suscipiens
920 2973 966 3037 ita
992 2975 1141 3049 eniteret3
1174 2971 1271 3055 digna
1289 3003 1320 3045 25

148 3098 228 3164 quao
250 3093 282 3144 et
302 3079 588 3162 praestantissimos
613 3079 677 3143 alat
698 3080 868 3145 monachos
891 3082 923 3144 et
944 3079 1109 3145 ambiendo
1132 3077 1271 3161 proferat

149 3185 336 3252 sacerdotes.
376 3183 453 3248 baec
488 3203 570 3248 nunc
606 3202 819 3248 successorem
856 3182 940 3249 eius
960 3187 1060 3262 tenet,
1097 3183 1270 3249 Maximum

148 3292 281 3368 nomino,
305 3292 433 3365 domm,
458 3290 531 3372 quia
551 3294 625 3374 post
646 3292 750 3373 ipsum
774 3291 889 3355 meruit
910 3291 1037 3364 adsciri;
1060 3292 1137 3356 haec
1159 3288 1273 3354 habuit

147 3397 308 3463 reuerendi
335 3397 470 3462 nominis
492 3398 614 3480 Lupum
640 3397 693 3479 qui
715 3397 804 3461 nobis
827 3397 918 3461 illum
942 3417 977 3462 er
999 3398 1084 3461 tribu
1105 3394 1270 3468 Beniamin

184 3607 197 3660 1
217 3606 272 3660 alia
289 3607 435 3676 speciosius
455 3606 588 3659 exsultans
602 3605 689 3659 ΕΓΗ
740 3606 794 3660 alia
808 3608 850 3660 est
863 3622 902 3675 sp.
916 3605 948 3659 Η
982 3608 1000 3658 4
1015 3621 1105 3659 omnes
1119 3604 1200 3674 longe
1212 3603 1275 3659 EF

148 3695 298 3764 buerenda
315 3693 402 3750 ΕΓΗ
453 3695 612 3764 lextitisti]
625 3694 747 3749 inistiH
814 3693 958 3749 illinsEF
1026 3710 1055 3747 es
1067 3693 1175 3762 fertilis]
1191 3692 1269 3746 alier-

147 3771 247 3838 lilisE
297 3783 377 3852 aquo
393 3783 454 3838 ΕΗ
503 3782 848 3853 linonqni1nunquamR
901 3782 1018 3838 colatH
1070 3782 1270 3838 lisanctcrnm

145 3870 356 3926 familiaritatem
375 3872 463 3926 EFH
537 3874 570 3926 12
588 3871 654 3926 colit
671 3871 705 3925 H
772 3871 856 3925 coluit
874 3870 953 3926 deum
971 3870 998 3925 R
1067 3873 1095 3924 te
1113 3885 1164 3924 om.
1182 3868 1273 3924 EFH

149 3960 182 4014 13
200 3959 335 4030 idemque]
353 3959 424 4014 idem
437 3961 495 4031 ipse
508 3961 565 4014 EF
634 3959 816 4030 estipsaEF
867 3959 900 4014 16
912 3957 1099 4034 praecipueH
1150 3959 1182 4011 17
1197 3973 1270 4011 ccm-

148 4046 267 4117 plectens
276 4046 361 4100 EFH
396 4047 431 4100 22
445 4046 527 4116 digna
542 4063 619 4116 quem
633 4045 809 4118 possidebunt
818 4046 845 4101 R
880 4045 1052 4114 coenitare]
1066 4046 1202 4099 emitteret
1210 4043 1273 4099 HR

148 4135 182 4188 26
200 4133 354 4189 ambiendos
371 4134 459 4190 ΕΓΗ
509 4134 543 4189 28
560 4135 637 4205 haec]
655 4136 683 4189 et
699 4134 727 4190 R
