2902 4636
221 261 283 326 136
522 260 548 314 S.
576 260 760 314 Eucherii
786 260 1060 330 Lugdunensis

220 466 299 513 cern
337 452 468 514 autem
505 470 578 515 non
621 451 837 515 audierunt
878 445 965 517 eius
1003 453 1068 535 qui
1104 455 1348 536 loquebatur

219 557 392 624 mecum?

263 661 412 745 Superius
441 663 497 726 ubi
524 664 651 728 audisse
678 682 790 728 uocem
818 663 995 729 refemntur
1016 684 1035 728 a
1057 665 1125 744 deo,
1149 685 1209 731 non
1236 686 1345 732 uocem

218 769 271 833 sed
296 769 493 833 inconditum
515 787 630 834 sonum
652 769 742 855 uocis
769 773 968 854 acceperunt,
992 776 1029 835 ut
1055 791 1109 838 eos
1131 775 1242 857 postea
1264 774 1346 838 dicat

218 894 330 941 nocem
348 894 408 940 non
428 875 565 954 audisse,
583 876 616 940 id
635 879 693 954 est,
713 895 891 959 expressam
913 879 1081 943 uerborum
1104 879 1344 964 significantiam
1371 903 1384 942 o

218 1001 278 1065 qua
313 981 436 1063 possint
471 982 665 1066 intellegere,
695 983 778 1064 quod
814 984 957 1048 sonabat
993 1004 1030 1049 ac
1065 986 1206 1067 perinde
1229 985 1344 1052 idcirco

218 1088 343 1152 diuersa
378 1089 448 1152 uice
485 1091 517 1153 et
554 1090 680 1153 audisse
717 1093 749 1153 et
785 1108 845 1154 nou
883 1091 1009 1155 audisse
1044 1092 1232 1168 referuntur,
1275 1094 1346 1175 quia

217 1197 369 1274 quantum
398 1194 437 1259 ad
465 1213 577 1259 sonum
605 1196 749 1276 pertinet,
783 1196 960 1275 audierunt,
993 1201 1144 1280 quantum
1171 1197 1211 1262 ad
1238 1199 1343 1276 uerba,

217 1320 277 1365 non
301 1300 477 1364 audierunt.

260 1408 297 1472 V.
324 1405 424 1485 Quare
452 1407 539 1488 prius
568 1407 743 1471 communis
772 1408 860 1472 cibus
893 1409 1065 1473 uocabatur
1097 1409 1151 1490 qui
1181 1412 1346 1490 putaretur
1361 1431 1384 1471 ιο

215 1514 406 1576 inmundus?
768 1516 771 1521 ⁴

260 1618 351 1697 Quod
383 1623 491 1685 contra
529 1619 731 1683 interdictum
773 1623 849 1685 tunc
882 1620 932 1684 dei
963 1621 996 1685 in
1028 1639 1193 1686 commune
1232 1623 1343 1687 ceteris

214 1728 336 1806 pateret
366 1724 547 1789 hominibus
580 1723 634 1805 qui
665 1725 697 1788 in
729 1724 869 1789 ciborum
907 1726 1095 1790 discretione
1126 1727 1208 1811 legis
1241 1727 1343 1792 obser-

207 1833 354 1897 wuantiam
381 1850 443 1896 non
470 1830 621 1895 tenebant
646 1850 701 1912 per
728 1850 821 1912 quam
849 1831 958 1895 Iudaei
984 1836 1105 1914 partem
1133 1833 1184 1896 dei
1211 1851 1245 1897 se
1273 1852 1342 1898 esse

213 1938 380 2003 iactabant.
416 1937 601 2021 purificatus
638 1940 687 2001 est
724 1941 829 2001 autem
866 1938 960 2002 etiarn
999 1938 1124 2003 domino
1158 1938 1280 2003 dicente
1304 1939 1343 2002 ad
1358 1955 1381 1997 a

212 2045 358 2109 Petrum:
402 2061 501 2125 quae
543 2042 639 2107 deus
680 2044 925 2124 purificauit
965 2064 1009 2108 ne
1051 2047 1091 2107 tu
1139 2063 1342 2109 commune

214 2150 374 2213 dixeris.

256 2256 311 2319 VI.
336 2253 601 2333 Quirianum,
625 2256 709 2337 quod
732 2256 763 2318 in
787 2257 910 2320 actibus
935 2257 1151 2337 apostolorum
1175 2257 1342 2322 duodecim

212 2362 261 2425 illi
292 2361 347 2443 qui
377 2361 525 2426 Iohannis
557 2360 714 2443 baptismo
747 2362 897 2443 baptizati
932 2362 1056 2425 fuerant
1093 2362 1293 2443 baptizantur
1325 2381 1342 2426 a

212 2468 335 2532 Paulo?
973 2469 976 2474 '
1358 2486 1383 2525 ro

256 2574 326 2639 Hoc
348 2572 475 2647 idcirco,
499 2572 656 2653 quianon
680 2573 711 2636 in
735 2573 859 2638 nomine
886 2573 1039 2638 trinitatis
1066 2573 1216 2656 baptizati
1244 2577 1340 2637 erant.

212 2680 406 2763 baptismum
434 2678 518 2743 enim
540 2678 686 2743 Iohannis
722 2681 799 2742 licet
833 2678 865 2742 in
903 2698 976 2742 eum
1012 2679 1067 2761 qui
1102 2682 1255 2742 uenturus
1292 2682 1342 2743 est

212 2785 396 2868 baptizaret,
416 2787 522 2848 tamen
541 2784 664 2867 proprie
684 2784 831 2849 iohannis
854 2784 1033 2868 baptismus
1057 2783 1234 2860 dicebatur;
1258 2784 1341 2848 unde

213 2896 244 2957 et
272 2893 309 2956 ab
337 2890 485 2954 hereticis
513 2890 677 2955 uenientes
705 2909 766 2954 uon
793 2890 991 2973 baptizantur
1018 2909 1036 2953 a
1061 2891 1162 2966 nobis,
1187 2891 1214 2954 si
1240 2890 1341 2972 bapti-

212 3000 299 3062 zatos
324 2999 449 3061 constat
466 2995 497 3059 in
517 2990 822 3072 nomine'trinitatis
841 2996 903 3060 nisi
920 2997 1068 3078 inpositio
1086 3000 1210 3060 tantum
1228 3016 1340 3061 manus
1360 3016 1387 3057 ro

212 3104 251 3168 ad
282 3104 376 3167 fidem
408 3105 524 3167 rectam
557 3102 719 3167 conuersis
752 3102 926 3180 adhibetur,
964 3105 1001 3165 ut
1036 3121 1091 3184 per
1126 3103 1206 3166 hanc
1243 3104 1343 3166 sancti

212 3210 343 3294 spiritus
368 3208 561 3291 suscipiatur
581 3208 708 3272 infusio.

300 3471 335 3534 1ο
356 3470 402 3538 (ro.
423 3469 464 3533 1ο,
485 3470 529 3536 15)
598 3469 630 3522 ro
649 3468 685 3521 a.
707 3468 746 3530 ιο,
768 3469 800 3522 15
868 3469 899 3522 ro
919 3468 965 3536 (ro.
986 3470 1027 3533 ro,
1046 3471 1126 3535 3-5)

246 3627 264 3681 3
287 3627 352 3682 adeo
376 3626 435 3680 AV
502 3628 521 3680 4
543 3627 697 3696 acciperunt
719 3627 746 3680 P
815 3629 831 3682 5
857 3643 996 3697 expraessa
1018 3622 1045 3681 V
1114 3628 1146 3681 13
1168 3627 1299 3698 pap'lteret
1316 3631 1345 3683 P

208 3700 394 3799 1411111611)
456 3743 488 3796 15
508 3708 685 3847 donorinoom.
709 3741 736 3796 V
795 3741 828 3796 16
846 3742 970 3811 petroV
1032 3743 1065 3796 18
1083 3741 1284 3812 quid-infusio
1304 3743 1341 3798 le-

210 3865 313 3928 paatar
329 3857 402 3912 iocS
523 3856 645 3911 dudecim
664 3858 692 3910 P
708 3854 884 3912 duodicimS
1006 3858 1037 3911 19
1056 3858 1153 3913 iterum
1171 3857 1344 3929 baptizatiS

213 3974 259 4043 qui
280 3973 403 4026 iohannis
426 3989 475 4026 ora.
506 3972 532 4025 V
623 3973 654 4026 21
681 3971 752 4025 eos
844 3973 878 4026 22
902 3938 1054 4041 baptismii¹
1074 3972 1101 4027 V
1186 3974 1220 4026 22
1244 3975 1344 4028 eratS

212 4061 247 4114 23
273 4062 395 4131 propriae
423 4061 446 4114 S
550 4061 648 4115 dicitur
679 4061 702 4115 S
788 4061 824 4114 24
855 4061 996 4116 haereticis
1029 4061 1053 4115 S
1156 4063 1290 4117 uenientis
1320 4063 1343 4117 S

212 4149 246 4201 26
263 4149 355 4203 hccS
