2902 4636
149 284 189 345 u
445 259 472 311 S.
496 254 681 309 Eucherii
703 253 980 325 Lugdunensis

192 450 384 522 vescendus
416 448 561 513 deminus
594 448 718 527 dieitur,
742 450 865 531 quando
893 449 1007 516 hebere
1031 470 1137 516 curam
1159 450 1275 536 fragili-

145 555 392 625 scenendune
412 554 572 620 euidenter
593 554 718 619 indiciis
741 554 998 649 dignantissimae
1020 557 1149 640 pietatis
1173 560 1274 623 osten-

147 661 240 727 ditur.
271 660 316 726 sic
345 664 378 725 θῖ
400 660 504 743 augeli
531 679 587 742 per
613 660 701 724 illam
723 661 818 726 Iacob
847 662 965 727 sculum
993 663 1199 729 ascendeutes
1226 662 1276 728 de·

147 766 393 848 scandentesque
425 770 618 831 terrenorum
650 766 866 831 uisitationem
899 787 960 833 non
993 769 1116 834 ruinam
1152 769 1277 834 descen·

148 872 288 939 dentium
319 872 459 936 indicant
489 872 682 956 augelorum.
716 873 761 937 sic
789 877 822 937 θῖ
849 876 1032 940 excelsiores
1063 874 1187 940 iustitia
1216 875 1277 939 uiri
1306 895 1319 934 ε

147 977 334 1044 descendere
370 980 530 1060 putentur,
568 978 597 1042 si
633 977 754 1060 quaudo
791 980 1045 1045 condescendunt
1078 981 1278 1046 inferioribus

148 1087 275 1149 sunctae
297 1083 437 1148 θθεὶῖθῖίε
458 1083 621 1148 instinctu.

615 1291 668 1344 DE
685 1290 814 1346 ESAIA.

194 1399 218 1464 l.
244 1396 327 1478 Quid
349 1398 597 1482 intellegendum
621 1402 671 1463 θεῖ
688 1399 720 1462 iu
739 1398 860 1463 cantico
874 1399 987 1463 Esaiae
1009 1401 1189 1482 prophetae,
1208 1419 1280 1464 cnm

151 1504 242 1570 dicit:
281 1505 438 1569 cantabo
476 1503 615 1569 dilecto
652 1523 730 1569 meo
768 1504 955 1569 canticum
991 1506 1178 1587 patruelis
1210 1506 1282 1570 mei
1300 1532 1324 1569 ιο

150 1611 283 1689 uineae
320 1629 419 1688 suae,
453 1609 561 1674 uince
593 1609 694 1675 fecte
726 1613 785 1674 θεῖ
816 1610 957 1676 dilecto
989 1630 1067 1677 mec
1099 1613 1136 1676 in
1169 1630 1282 1677 cornu

151 1715 236 1780 filio
261 1714 355 1780 clei?

194 1821 258 1886 Alii
293 1820 354 1885 hoe
390 1820 548 1887 canticum
581 1838 599 1883 e
630 1819 743 1901 spiritu
781 1825 889 1886 sancto
927 1821 1044 1886 centuri
1078 1825 1202 1904 putant,
1229 1822 1284 1902 ulii

154 1926 345 2009 eprephetu
376 1925 430 2008 qui
453 1943 551 2007 neque
574 1926 683 1990 sencio
708 1924 819 2007 spiritu
842 1945 964 1992 uacuus
987 1946 1048 1992 nen
1072 1935 1148 1992 eret.
1181 1929 1285 1993 cantat

153 2038 259 2097 eutem
291 2031 322 2096 in
354 2031 515 2113 planctum
548 2030 658 2096 uiueue
691 2050 776 2108 suec,
810 2052 889 2116 quae
926 2037 975 2099 θεῖ
1010 2034 1122 2101 domus
1154 2035 1284 2101 Israhel.
1304 2057 1328 2097 u

155 2139 289 2204 dilectus
314 2140 419 2202 eutem
443 2137 533 2202 lesus
558 2136 702 2204 Christus
726 2139 783 2202 esi.
807 2139 869 2221 ipsi
892 2140 974 2204 enim
1003 2140 1122 2205 dictum
1151 2143 1213 2206 est:
1245 2144 1285 2204 tu

156 2264 194 2311 es
217 2244 326 2310 iilius
350 2261 452 2309 meus
477 2243 650 2320 dilectus,
670 2242 774 2325 ipsum
794 2246 827 2309 θῖ
843 2246 1017 2327 patruelem
1036 2249 1183 2329 appellet,
1203 2246 1287 2329 qued

156 2371 191 2417 ex
215 2350 323 2417 eedem
347 2349 389 2416 εἱῖ
412 2349 728 2433 stirpe'pregeuitus;
752 2349 830 2415 haec
853 2368 926 2435 ergo
946 2352 1042 2417 uinea
1063 2353 1126 2435 ipsi
1146 2354 1287 2435 plantula

156 2460 206 2522 θεῖ
236 2456 268 2521 in
301 2473 406 2531 cornu,
440 2454 523 2538 quod
555 2457 604 2519 cst
639 2454 670 2518 in
708 2455 902 2521 sublimitate
939 2460 1034 2540 etque
1069 2459 1197 2534 uirtute,
1234 2457 1287 2541 qui

157 2564 291 2629 dilectus
320 2565 352 2627 θῖ
379 2561 463 2626 lilius
492 2567 541 2625 θεῖ
564 2559 635 2636 clei,
660 2560 734 2642 quie
760 2563 874 2640 unctus
902 2562 954 2640 εἰῖ,
977 2564 1060 2628 unde
1087 2568 1120 2628 θῖ
1143 2563 1287 2630 Christus
1305 2585 1330 2626 sc

156 2672 298 2745 uocetur,
322 2668 375 2732 uel
398 2665 471 2749 quin
493 2665 579 2730 omni
610 2664 727 2729 mundo
759 2669 920 2748 numquam
951 2669 1150 2751 splendidum
1180 2669 1287 2732 lumen

156 2773 312 2838 inluxerit.
335 2771 367 2837 in
391 2771 450 2836 hcc
482 2769 604 2834 cantico
635 2787 732 2834 uuem
763 2770 918 2837 inistitiem
950 2776 1088 2856 appellat
1119 2777 1151 2838 θῖ
1182 2775 1287 2855 spinas

24 2966 26 2969 v
157 2879 366 2961 iniquitatem.

202 2985 242 3051 Π.
267 2984 303 3048 ln
326 2982 436 3048 Esaiae
460 2981 582 3046 uisieue
610 2999 681 3047 cum
713 2978 796 3046 uidit
826 2981 988 3049 deminum
1011 2985 1173 3050 sedentem
1196 3004 1289 3066 super

160 3090 284 3167 solium,
323 3089 376 3173 qui
411 3089 593 3153 intellectus
630 3090 679 3152 θεῖ
719 3085 757 3152 de
798 3105 843 3162 eo,
886 3089 969 3170 quod
1009 3090 1066 3155 ait:
1109 3090 1287 3172 Seraphin
1305 3119 1330 3161 ιε

160 3197 310 3261 stabant
342 3213 453 3277 super
483 3192 591 3269 illud,
625 3211 686 3258 seu
714 3193 795 3258 alen
822 3195 887 3258 uui
915 3198 952 3258 θῖ
979 3214 1040 3260 sex
1063 3198 1142 3261 alae
1166 3196 1286 3262 alteri.

162 3300 305 3365 duabus
328 3299 485 3364 delebat
507 3297 641 3362 faciem
666 3297 748 3362 eius
772 3301 809 3364 θῖ
837 3298 980 3364 duabus
1003 3301 1155 3365 uelabat
1177 3301 1288 3382 pedes

162 3409 243 3473 eius
267 3407 304 3469 θῖ
327 3404 471 3469 duabus
495 3402 650 3468 uolebat
678 3405 715 3467 θῖ
737 3404 924 3470 clamabat
947 3406 1042 3470 ulier
1064 3407 1106 3469 ad
1130 3408 1288 3471 alterum

213 3708 216 3719 .
250 3663 505 3732 3(Gen.28,12)
584 3662 616 3716 10
639 3662 683 3718 Εε.
708 3661 770 3726 5,]
857 3662 891 3717 16
915 3663 997 3721 Hebr.
1023 3664 1289 3730 1,5=Ps.2‚7

162 3756 196 3810 25
214 3754 258 3810 Εε.
277 3754 301 3819 6,
319 3753 391 3806 2-3

200 3955 389 4012 ldiscendere
406 3955 434 4008 P
499 3952 739 4022 2digucutissime
757 3953 784 4006 P
853 3953 917 4007 Set
934 3969 984 4008 cm.
1006 3953 1031 4005 V
1096 3923 1247 4011 diustidtu
1264 3959 1294 4012 P

166 4046 197 4101 11
221 4045 302 4100 uince
324 4045 395 4098 esaie
413 4042 439 4096 V
509 4043 542 4095 14
570 4058 586 4095 n
613 4056 663 4095 om.
682 4041 741 4093 AV
807 4040 842 4095 22
860 4040 1029 4096 iustitieeV
1098 4046 1132 4098 25
1151 4047 1246 4100 serafin
1265 4047 1293 4100 P

166 4133 269 4188 serefim
288 4131 345 4185 AV
