2902 4636
519 118 828 171 Instructionnm
858 118 923 175 lib.
949 118 971 171 1.
1238 122 1300 183 123

174 310 302 390 laqueos
336 308 451 376 diaboli
483 330 543 375 uon
575 311 717 388 timeant,
742 311 826 375 sieut
857 301 1019 392 apostolus
1053 312 1115 376 ait:
1149 312 1300 376 calciati

173 413 287 494 pedes
301 414 336 479 in
352 417 635 498 praeparatione
656 417 853 500 euangelii,
864 417 1003 480 uitulum
1018 419 1172 482 occisum:
1185 416 1301 482 Ohristi

172 520 279 602 passio
308 524 357 585 est
385 522 438 603 qui
465 541 519 604 pro
547 522 657 600 Adam,
686 523 746 587 hoo
775 526 823 587 est
846 523 1005 607 gentibus,
1029 542 1143 606 passus
1167 527 1225 602 est,
1250 524 1299 587 orni

172 628 261 708 pater
275 625 370 690 dicit:
391 631 430 690 tu
450 646 594 709 semper
612 647 752 692 meeum
768 647 816 706 es,
832 634 869 692 et
888 629 1010 692 omnia
1024 648 1103 693 mea
1121 633 1183 692 tua
1203 641 1299 694 sunt.

139 866 154 904 s
436 851 491 904 DE
514 840 730 906 APOSTOLO
754 851 807 906 AD
832 850 1038 906 ROMANOS.

218 956 304 1036 Quae
335 958 554 1041 intellegentia
585 962 634 1022 est
666 959 796 1041 capituli
823 958 910 1023 illius
939 959 1022 1040 quod
1046 962 1208 1041 apostolus
1230 980 1300 1042 pro·

172 1063 394 1146 ponitdioens:
407 1062 438 1126 si
453 1065 573 1126 autem
589 1063 774 1144 iniquitas
788 1066 917 1127 nostra
931 1063 1121 1128 iustitiam
1137 1065 1196 1129 dei
1211 1084 1301 1130 oom-

173 1169 331 1246 mendat‚
357 1168 445 1250 quid
470 1168 652 1232 dicimus?
676 1168 855 1251 numquid
873 1169 1027 1251 iniquus
1047 1170 1138 1235 deus
1159 1176 1217 1236 est
1236 1172 1300 1254 qui

172 1274 292 1339 infert
317 1274 429 1338 iram?
458 1273 660 1338 seeundum
692 1274 875 1339 hominem
905 1274 998 1338 dieo.
1023 1276 1132 1340 absit.
1159 1276 1301 1359 alioqui

126 1403 155 1442 no
176 1399 245 1463 quo
273 1381 379 1444 modo
408 1380 595 1443 iudicabit
620 1379 709 1444 deus
744 1380 943 1456 mundum?
976 1381 1007 1445 ei
1036 1383 1130 1446 eninr
1157 1384 1301 1448 ueritas

175 1486 235 1551 dei
253 1487 289 1549 in
309 1504 388 1550 meo
408 1485 598 1549 mendacio
614 1485 820 1549 abundauit
837 1486 875 1549 in
895 1486 1052 1570 gloriam
1066 1487 1199 1568 ipsius,
1215 1488 1302 1570 quid

175 1593 295 1657 adhue
319 1611 385 1675 ego
410 1595 597 1675 tamquam
620 1596 797 1674 peccator
818 1591 966 1656 iudicor
990 1595 1026 1656 et
1045 1611 1114 1657 non
1132 1594 1302 1676 blasphe-

174 1718 314 1761 mamur
346 1701 382 1762 et
414 1699 513 1762 siout
540 1698 645 1760 aiunt
676 1716 741 1761 nos
778 1697 925 1777 quidam
958 1697 1096 1762 dioere:
1119 1698 1301 1763 faciamus

174 1807 279 1880 mala,
304 1807 345 1867 ut
371 1804 523 1867 ueniant
552 1803 647 1867 bona
674 1821 828 1884 quorum
851 1803 1037 1867 damnatio
1065 1804 1167 1867 iusta
1191 1808 1270 1868 est?

131 1922 156 1961 1⁵
220 1908 474 1974 Obscurissimus
498 1911 591 1991 atque
613 1910 777 1990 perplexus
802 1908 832 1971 in
857 1908 999 1991 apostolo
1024 1909 1114 1974 loeus
1139 1913 1171 1974 et
1192 1910 1302 1974 multis

175 2016 214 2079 ad
230 2016 449 2079 excutiendum
468 2013 750 2096 proferendumque
770 2033 897 2078 sensum
917 2013 1193 2098 normannigena
1212 2015 1302 2079 nobie

175 2123 279 2184 tamen
302 2140 357 2202 pro
380 2120 580 2184 festinatione
605 2120 757 2184 sermonis
781 2120 939 2183 artaudus.
969 2119 1087 2182 dixerat
1110 2140 1223 2203 supra:
1247 2125 1304 2184 est

176 2229 298 2291 autem
323 2226 413 2289 deus
437 2245 557 2301 uorax,
582 2225 700 2298 omnis
729 2228 851 2289 autem
879 2227 985 2291 homo
1014 2227 1176 2304 mendax,
1202 2227 1303 2291 siout

176 2333 359 2414 seriptum
393 2335 468 2396 est:
501 2334 543 2395 ut
573 2330 805 2395 iustificeris
832 2331 868 2394 in
898 2332 1132 2396 sermonibus
1160 2333 1238 2397 tuis
1267 2336 1303 2396 et
1415 2410 1416 2415 ἵ

132 2449 157 2490 ³⁰
174 2438 316 2514 uineas,
337 2457 416 2501 oum
435 2437 626 2501 iudicaris.
646 2441 715 2501 tum
735 2437 828 2500 etiam
849 2437 958 2501 adicit:
983 2437 1010 2501 si
1029 2441 1135 2501 autem
1153 2438 1302 2520 iniquitas

175 2546 282 2608 nostra
304 2543 459 2607 iustitiam
484 2543 533 2607 dei
557 2543 764 2617 sommendat,
789 2542 864 2624 quid
887 2542 1046 2606 dicimus?
1078 2543 1130 2607 hio
1153 2544 1191 2607 de
1214 2543 1303 2607 testi-

174 2648 289 2712 moniis
313 2667 391 2728 quae
415 2667 509 2728 supra
531 2650 680 2730 posuerat
710 2649 891 2710 nascentem
914 2647 1065 2710 euentilat
1088 2649 1303 2729 quaestionem

176 2758 208 2818 et
230 2753 390 2837 adiungit:
423 2753 577 2835 numquid
608 2753 736 2834 iniquus
769 2751 846 2816 deus
879 2752 933 2832 qui
958 2751 1053 2817 infert
1079 2752 1166 2828 iram,
1195 2753 1226 2817 id
1255 2758 1304 2819 est

175 2859 374 2941 uindictam?
406 2859 579 2923 seeundum
603 2858 761 2921 hominem
785 2857 866 2934 dieo,
891 2858 951 2922 hoo
975 2861 1024 2922 est
1047 2859 1219 2923 seeundum
1247 2860 1303 2924 hu·

133 2978 160 3019 2⁶
175 2984 298 3029 manam
331 2966 550 3040 donationem,
575 2964 658 3046 quod
681 2964 771 3047 quasi
797 2963 1056 3046 iniquumdeum
1080 2964 1302 3045 appellauerat

175 3071 229 3135 uel
252 3071 335 3151 quod
361 3071 440 3134 iram
468 3071 536 3135 eius
564 3070 692 3146 dixerat,
718 3089 788 3134 oum
816 3069 922 3150 passio
944 3069 977 3132 in
1001 3070 1094 3134 deum
1117 3082 1178 3135 non
1202 3072 1303 3137 eadat.

176 3178 278 3243 absit:
297 3177 357 3241 hoo
376 3180 435 3254 est,
456 3177 538 3240 absit
556 3177 601 3240 ita
619 3175 712 3249 orodi,
731 3179 767 3240 ut
784 3175 928 3257 iniquum
948 3174 1040 3240 deum
1060 3194 1129 3240 esse
1153 3170 1303 3257 dieamus,

176 3285 240 3366 qui,
269 3284 296 3347 si
324 3283 401 3346 haee
423 3282 468 3345 ita
491 3285 574 3360 suut,
603 3281 681 3346 iram
712 3281 825 3345 inferat
856 3272 1059 3362 delinquenti
1093 3281 1210 3364 alioqui
1242 3304 1303 3366 quo

267 3437 442 3508 lEphes.6‚
464 3437 496 3491 15
558 3436 658 3491 AIiuo.
678 3438 719 3503 15,
738 3437 771 3490 31
835 3436 945 3489 7Rom.
964 3437 989 3498 3,
1008 3435 1078 3490 deaii
1138 3437 1169 3490 17
1188 3436 1225 3491 ib.
1244 3436 1304 3500 3,4

214 3544 336 3614 llapnoe
354 3543 465 3614 laqueos
483 3543 566 3597 Pitra
627 3542 759 3597 ititolus
775 3542 826 3597 ule
844 3542 895 3611 lepi
907 3546 998 3610 poten
1013 3541 1045 3596 in
1062 3541 1090 3594 P
1157 3543 1234 3597 soloe
1250 3543 1304 3612 epi·

175 3632 266 3687 stolae
289 3632 328 3686 ad
349 3631 490 3686 Hebraeos
512 3637 537 3686 et
559 3631 696 3686 Iohannis
722 3635 831 3686 miani
856 3631 888 3684 in
909 3629 940 3697 S,
967 3635 1069 3684 aeteae
1096 3631 1211 3686 mamae
1232 3635 1304 3686 nott.

178 3721 367 3776 dintellectus
386 3719 491 3791 patebit
507 3720 565 3774 AV
616 3719 770 3774 ddicemus
787 3718 846 3772 AV
897 3718 1054 3788 9alioquin
1072 3717 1132 3772 AV
1183 3715 1217 3773 10
1233 3717 1304 3773 iudi·

178 3811 252 3863 cauit
281 3809 307 3862 V
377 3811 405 3864 ll
433 3807 653 3863 habundabitV
737 3809 768 3861 12
791 3807 983 3862 blaelernemur
1005 3807 1031 3859 P
1109 3807 1142 3861 1⁸
1166 3818 1257 3861 onmes
1279 3806 1307 3862 P

178 3924 213 3978 20
231 3926 297 3978 tuna
318 3924 344 3976 V
407 3924 442 3977 22
462 3879 598 3978 euentdlat
615 3923 643 3976 P
705 3923 739 3994 25
757 3921 958 3993 appellauerunt
974 3921 1002 3975 A
1067 3922 1102 3976 ‘26
1121 3924 1192 3993 eum]
1210 3939 1259 3977 con
1282 3920 1309 3975 V

179 4013 212 4066 27
232 4012 351 4081 alioquin
369 4012 428 4066 AV
