2902 4636
114 372 180 446 172
408 370 439 424 8,
466 369 654 424 Eucherii
680 369 956 441 Lugdunensis

114 583 245 631 cernens
266 563 453 629 uerberatos
473 563 569 628 etiam
588 566 622 628 et
637 563 827 647 increpatus,
848 563 932 646 quod
949 565 1003 631 uel
1020 564 1071 631 die
1091 564 1249 632 dominico

115 670 271 737 ecclesiae
299 669 389 735 solus
417 670 544 736 deesset
569 670 624 735 uel
649 670 730 735 illud
751 670 888 736 fabricae
911 690 990 753 opus
1013 673 1158 737 sanctum
1181 691 1250 737 sus·
1335 721 1337 726 .

115 776 220 860 cipere
254 775 383 860 gentilis
416 776 555 841 auderet.
587 777 671 860 quod
703 776 781 841 adeo
812 776 1058 843 misericorditer
1085 797 1104 842 a
1130 780 1249 844 sanctis

114 883 183 948 fact
184 902 238 947 um
261 881 460 960 oo.nstitit‚u
462 881 581 947 tlaber
597 882 653 947 ille
672 885 889 948 consternatus
908 883 1087 950 atterritus
1109 886 1250 950 salutare

117 991 179 1056 sibi
201 1008 315 1054 nomen
338 989 520 1073 poposcerit
540 989 713 1070 statimque
736 988 934 1054 Christianus
957 989 1088 1055 effectus
1110 990 1164 1058 sit
1280 1016 1293 1056 a

160 1097 249 1162 VIII.
272 1096 385 1179 Neque
411 1095 492 1159 illud
523 1095 555 1160 in
588 1097 769 1161 sauctorum
799 1095 959 1162 miraculis
991 1097 1251 1179 praetermittam,

117 1203 203 1288 quod
220 1201 348 1286 perinde
368 1202 490 1266 clarum
508 1203 604 1284 atque
622 1200 767 1267 omnibus
785 1203 895 1267 notum
913 1205 972 1268 est.
995 1203 1096 1266 mater
1113 1202 1252 1269 familias

119 1309 229 1390 Quinti
261 1307 379 1394 egregii
412 1310 505 1390 atque
538 1306 682 1373 honorati
712 1306 774 1371 uiri
801 1325 873 1372 cum
899 1307 945 1372 ita
970 1308 1109 1391 paralysi
1136 1308 1254 1374 fuisset

118 1415 282 1493 obstricta,
305 1417 343 1479 ιιι
365 1415 395 1478 ιι
419 1413 515 1478 etiam
537 1413 654 1496 pedum
681 1431 759 1478 usus
786 1415 964 1496 negaretur,
988 1431 1006 1476 o
1027 1413 1097 1478 uiro
1123 1432 1192 1490 suo,
1216 1418 1255 1479 ut

116 1522 287 1606 Agaunum
317 1538 375 1603 per
405 1519 543 1584 multum
572 1517 695 1583 itineris
722 1517 859 1600 spatium
888 1517 1069 1596 deferretur,
1095 1521 1297 1602 poposcitis

8 1632 13 1641 '
118 1646 180 1711 quo
218 1645 291 1692 cum
326 1624 526 1707 peruenisset
557 1626 737 1690 sanctorum
768 1627 941 1707 martyrum
971 1623 1122 1689 basilicae
1152 1625 1254 1691 famu·

117 1733 254 1798 lentium
285 1732 431 1797 manibus
463 1730 561 1795 inlata
591 1729 724 1812 pedibus
762 1729 801 1795 ad
837 1729 1044 1796 diuersorium
1080 1730 1184 1810 rediit,
1218 1751 1254 1798 ao

119 1839 248 1905 sanitati
280 1839 318 1904 de
349 1837 560 1922 praemortuis
591 1821 740 1901 restituta
769 1836 919 1902 membris
951 1855 1034 1902 nunc
1064 1837 1254 1903 miraculum

119 1965 214 2012 suum
241 1946 311 2027 ipsa
338 1944 529 2010 circumfert.
566 1943 644 2006 haec
668 1942 729 2008 duo
753 1945 879 2007 tantum
902 1942 981 2006 mira
1001 1941 1142 2024 passioni
1166 1963 1254 2010 sanc-

118 2059 225 2116 torum
247 2049 408 2115 inferenda
430 2048 558 2113 credidi
596 2049 736 2113 ceterum
760 2048 837 2112 satis
860 2048 962 2111 multa
993 2050 1069 2113 sunt
1095 2067 1177 2131 quae
1199 2050 1253 2117 uel
1275 2085 1298 2126 a

118 2156 151 2221 in
174 2155 359 2240 purgatione
384 2155 572 2220 daemonum
599 2153 653 2218 uel
673 2154 706 2218 in
728 2154 845 2235 reliqus
869 2153 1082 2219 curationibus
1111 2155 1253 2235 quotidie

117 2261 184 2326 illio
207 2281 263 2344 per
286 2263 413 2327 sanctos
438 2279 513 2339 suos
537 2259 656 2325 domini
679 2259 780 2324 uirtus
805 2260 960 2340 operatur.

155 2471 219 2524 let
236 2484 288 2522 om.
306 2467 336 2521 D
388 2463 650 2537 dauderetllllslll
667 2466 811 2570 Piretquo
830 2466 927 2520 deone
946 2466 1102 2536 quodadeo
1168 2469 1252 2539 5ρο-

118 2583 280 2655 posceritD
298 2583 376 2652 (corr.
390 2584 478 2649 rru2.)
551 2581 634 2635 estD
687 2582 809 2651 ladque
826 2582 854 2635 P
871 2583 949 2648 (corr.
965 2599 998 2636 m.
1012 2585 1053 2643 2.)
1102 2582 1255 2654 degregii]

121 2672 227 2743 egredit
227 2689 258 2725 ιιι·
215 2670 305 2725 tD
384 2670 495 2739 paralisi
512 2669 542 2724 D
614 2670 648 2723 10
665 2671 820 2740 Agaunum]
838 2669 937 2725 illicD
1008 2671 1039 2725 11
1060 2670 1095 2724 ad
1112 2672 1254 2725 martirum

120 2761 258 2814 basilicam
276 2758 306 2813 D
361 2758 588 2813 lamoensium
607 2756 636 2811 D
691 2759 724 2812 13
743 2775 813 2812 nnnc
831 2774 882 2813 om.
900 2757 930 2811 D
989 2758 1023 2812 14
1041 2759 1153 2813 circumt
1141 2759 1208 2813 tulit
1224 2739 1254 2815 D

122 2851 168 2905 15
178 2852 267 2904 cetera
289 2847 356 2902 satis
379 2847 482 2901 credita
504 2849 568 2899 sunt
589 2845 618 2899 D
670 2846 787 2901 DXPL.
810 2845 951 2901 PASSIO
976 2845 1085 2917 QUAE
1112 2847 1253 2904 OBSER-

123 2964 261 3020 UAI'UR
278 2960 355 3017 DIE
371 2960 531 3016 DIIUIMO
540 2960 586 3033 ΗΝ
606 2962 670 3029 (sic)
693 2960 870 3017 OOTOBRI
880 2961 907 3014 P
957 2961 996 3017 In
1006 2963 1036 3016 D
1048 2968 1113 3031 poet
1126 2967 1255 3033 operatur

121 3053 261 3122 tepenter:
284 3065 371 3118 neque
396 3049 465 3103 enim
489 3049 540 3103 hoc
565 3048 744 3103 omittendum
768 3052 810 3103 est
832 3049 904 3119 quod
925 3067 973 3121 per
994 3050 1104 3121 longum
1122 3053 1253 3121 temporis

120 3144 237 3196 tractum
259 3138 335 3193 beati
356 3137 505 3192 innocentii
528 3139 653 3208 martyris
672 3137 791 3191 membra
809 3136 924 3190 rodanus
942 3139 1084 3192 reuelanit.
1102 3139 1161 3208 iugi
1181 3141 1254 3193 enim

121 3229 205 3284 eluuii
222 3228 340 3281 uicinum
351 3226 387 3279 in
406 3242 434 3280 se
454 3227 582 3296 cespitem
601 3228 717 3295 tangens
736 3225 865 3295 religiosa
884 3224 997 3295 quadam
1016 3226 1067 3280 soli
1086 3228 1204 3298 pernicie
1218 3228 1253 3282 ad

121 3317 287 3388 sepulturam
304 3315 429 3384 martyris
442 3314 596 3421 iapulatmr
609 3314 741 3384 peruenit.
754 3313 871 3384 prolatas
886 3330 1000 3384 namque
1014 3315 1142 3384 reliquiae
1154 3315 1254 3371 leuiter

121 3431 245 3486 lambens
261 3445 315 3535 mim
333 3429 362 3483 id
380 3428 461 3499 longe
490 3447 518 3484 as
538 3431 581 3499 (m.
600 3432 639 3494 2.)
657 3427 720 3483 inde
735 3431 805 3482 terre
823 3428 938 3499 protulit
956 3429 1047 3483 autin
1067 3431 1192 3500 gurgitus
1210 3433 1253 3486 sui

121 3545 239 3617 procella
262 3543 399 3615 demergit·
419 3546 524 3613 (m.1.),
548 3545 596 3599 sed
615 3544 648 3598 ob
668 3544 812 3614 gloriosam
836 3542 1008 3598 deuotionem
1030 3544 1102 3598 intra
1120 3545 1253 3600 ambitum

119 3633 249 3689 basilicae
268 3631 364 3686 ceteris
382 3631 545 3702 martyribus
563 3631 701 3703 sepulture
714 3631 829 3701 precipit
841 3631 945 3686 sociari.
959 3632 1033 3686 cuius
1045 3632 1253 3696 translationem

122 3723 210 3793 anime
235 3708 298 3776 ιὀἧ
317 3720 509 3775 recordationis
533 3718 706 3788 domillciano
730 3734 866 3788 genuense
889 3723 918 3773 et
934 3724 1011 3788 grato
1031 3722 1161 3790 agustane
1179 3722 1253 3778 urbis

122 3811 167 3865 nel
184 3808 363 3881 protasiorum
381 3812 439 3863 tum
457 3808 588 3878 temporis
606 3807 680 3861 illius
698 3807 750 3860 loci
769 3794 824 3878 ᾧ
838 3806 999 3877 celebratam
1017 3807 1165 3863 recolentes
1184 3810 1252 3866 coti·

122 3898 204 3954 diana
227 3897 372 3953 deuotione
396 3901 424 3951 et
440 3895 568 3951 laudibus
588 3896 796 3965 frequentamus.
815 3911 862 3964 per
880 3891 952 3950 dnm.
970 3898 1090 3950 nostrum
1108 3897 1164 3951 ibm
1191 3915 1253 3968 xpm

123 3988 166 4043 cui
184 3990 226 4041 est
245 3987 331 4040 honor
350 3989 377 4040 et
395 3986 482 4056 gloria
499 3986 558 4039 laus
578 3988 606 4038 et
624 3986 754 4054 perpetua
771 3984 918 4065 potestas'
911 4002 937 4037 m
957 3984 1063 4038 saecula
1085 3985 1253 4041 saeculorum

123 4091 209 4131 amen
227 4075 269 4128 hc.
289 4074 349 4140 (ric)
369 4091 456 4128 amen.
474 4071 674 4127 EXPLICIT
693 4070 798 4126 PASS.
816 4059 925 4126 SCOR.
948 4072 1129 4129 MARTYB
1146 4073 1252 4130 MAU-

122 4162 232 4219 RIOII
249 4161 302 4217 ΟΠ
317 4161 451 4217 SOOIIS
466 4159 558 4216 SUIS
574 4158 654 4215 SEX
673 4159 797 4214 MILIA
826 4159 1087 4228 QUINTENI'OR
1108 4161 1252 4217 OOI-'UA-

123 4251 253 4307 GINTA
275 4249 464 4320 QUINQUE.
483 4249 539 4304 DO
559 4246 744 4304 GRATIAS.
