2902 4636
145 245 208 310 120
432 244 459 299 S.
486 244 670 299 Eucherii
696 244 967 314 Lugdu-nensis

144 438 365 518 aedificcnerit,
385 458 499 523 corpus
518 440 669 505 uidelicet
687 442 720 503 et
736 439 831 504 fidem
850 457 940 503 suam
961 438 1271 522 negauerit‚⁴stultus

145 544 213 621 erit,
246 562 318 608 mox
335 544 432 608 enim
465 544 632 609 aduenient
662 545 792 609 flumina
823 563 902 627 quae
936 547 1010 608 sunt
1036 543 1173 625 impetus
1205 561 1271 625 pcr-

145 649 326 725 sccutionis‚
351 650 490 715 stillico
514 649 613 716 cadet.

189 756 288 820 Ecce
308 774 379 840 ego
397 755 515 819 mitto
540 774 611 820 nos
636 755 745 820 sicut
763 754 1270 836 onesinmedioluporum3

146 863 279 926 estote
310 861 447 942 itaque
479 861 698 944 prudentes
731 861 840 927 sicut
872 863 1082 945 serpentes
1115 863 1154 925 et
1186 860 1271 926 sim·
1302 883 1314 924 s

144 965 274 1049 plicas
300 966 409 1030 sicut
431 967 649 1032 columbae.

189 1071 269 1152 Lupi
288 1075 503 1154 persecutores
527 1076 611 1148 sunt,
632 1092 707 1137 oues
727 1076 832 1137 autem
852 1072 1014 1137 christiani
1030 1074 1105 1137 sunt
1122 1072 1177 1154 qui
1195 1073 1272 1135 tem·-

145 1196 219 1259 porc
241 1178 470 1258 persecutionis
494 1198 512 1242 a
533 1178 618 1260 lupis
642 1178 796 1243 coluntur.
820 1179 875 1243 sed
898 1180 1009 1256 estote,
1032 1177 1145 1260 inquit,
1170 1177 1274 1261 arguti

146 1283 230 1348 sicut
257 1286 427 1365 serpentes.
459 1303 588 1366 serpens
619 1284 652 1348 in
683 1285 872 1349 necessitate
904 1284 1014 1349 mortis
1047 1302 1122 1348 suas
1159 1283 1275 1347 dicitur

146 1392 240 1471 caput
271 1408 364 1455 snum
396 1389 570 1467 custodire,
603 1409 716 1473 corpus
749 1393 854 1454 autom
887 1409 980 1460 snum
1015 1389 1110 1455 morti
1140 1389 1273 1453 tradem.
1291 1412 1316 1452 ro

144 1493 191 1557 ita
208 1496 241 1558 ot
257 1513 315 1561 nos
333 1499 429 1579 ceput
445 1500 598 1575 nostrum,
617 1499 677 1562 hoc
696 1499 745 1562 cst
759 1496 913 1575 Christus,
929 1496 1067 1561 celemus
1087 1494 1273 1571 confitendo,

145 1617 259 1682 corpus
282 1603 388 1666 autem
410 1605 553 1671 nostrum
575 1604 659 1687 lupis
682 1603 852 1675 tradamus.
876 1603 1022 1669 columba
1043 1614 1117 1666 uero
1142 1599 1275 1665 ecclesia

146 1706 197 1768 est
218 1705 309 1770 cuius
331 1704 400 1785 lilii,
424 1707 569 1787 quotiens
593 1708 631 1773 ab
654 1707 834 1772 hominibus
857 1707 1051 1785 occiduntur,
1076 1704 1226 1770 exultant.

189 1811 370 1889 Reddite,
384 1812 498 1894 inquit,
514 1831 612 1895 quac
635 1812 810 1879 deisunt
828 1813 898 1878 deo
917 1815 954 1877 at
973 1831 1072 1895 quae
1087 1811 1278 1876 Caesaris

147 1915 321 1981 (lassari.
1060 1983 1063 1987 ,
1294 1941 1319 1982 a

190 2022 340 2086 lubcmur
357 2022 389 2086 in
403 2023 621 2103 persecutione
639 2024 767 2089 reddere
786 2042 865 2107 quae
881 2023 1021 2089 Caesaris
1040 2025 1116 2087 sunt
1137 2021 1274 2100 Caesari,

145 2127 206 2191 hoc
237 2130 287 2191 est
318 2145 440 2210 corpus,
472 2128 503 2192 in
536 2149 598 2212 quo
630 2130 725 2194 habet
754 2131 954 2213 potestatem,
979 2130 1012 2192 ct
1038 2127 1166 2193 reddere
1194 2146 1275 2209 quae

147 2236 222 2298 sunt
243 2233 294 2298 dei
316 2234 384 2313 deo,
407 2234 553 2315 spiritum
577 2236 700 2301 scilicet
721 2235 803 2300 fidei.
1219 2270 1221 2274 ·

193 2339 320 2416 Tunc,¹
358 2339 475 2424 inquit,
521 2341 824 2425 assimilabitur
863 2359 1027 2426 regnum
1072 2339 1276 2405 coelorum

51 2431 54 2434 ⁴
148 2445 282 2511 decem
304 2446 537 2530 uirginibus
557 2465 655 2529 quae
675 2447 928 2530 accipientes
951 2444 1157 2528 lampadas
1181 2462 1275 2509 suas
1294 2467 1319 2507 ro

148 2551 332 2617 exierunt
350 2552 509 2617 obuiam
527 2571 673 2636 sponso
693 2555 732 2617 et
750 2571 937 2634 sponsam
958 2551 1132 2634 quinque
1152 2552 1275 2613 autem

150 2656 304 2722 axillis
328 2651 465 2723 fatuae
489 2661 602 2723 crant
624 2661 664 2723 et
686 2659 861 2742 quinquo
885 2659 1108 2741 sapientes:
1136 2656 1275 2721 fatuae

149 2758 280 2828 autem
304 2763 486 2847 acceptis
508 2764 765 2853 lampadibus
788 2765 873 2830 suis
897 2783 967 2830 non
985 2763 1277 2845 adsumpserunt

149 2869 281 2934 oleum
308 2888 443 2937 secum
470 2870 508 2934 in
536 2870 649 2937 uasis
677 2871 763 2936 suis
791 2890 875 2936 cum
899 2869 1154 2954 lampadibus
1179 2867 1275 2947 suis,

149 2978 181 3040 et
203 2978 315 3042 cetera.
1294 3004 1319 3044 aa

140 3107 142 3111 ¹
192 3083 236 3146 lix
263 3081 372 3147 decem
398 3081 576 3167 uirginibus
603 3100 681 3165 quos
709 3081 787 3147 dicit
813 3083 949 3165 quinque
976 3081 1101 3146 nomina
1123 3080 1258 3145 dicimus
1266 3092 1279 3144 ε’

149 3206 233 3268 spos,
273 3187 362 3266 fides,
403 3187 539 3263 caritas.
570 3186 698 3252 castitas
736 3192 768 3251 et
804 3187 1010 3270 eleemosyna.
1056 3205 1134 3250 nasa
1169 3188 1276 3250 autom

148 3291 357 3358 habitationes
380 3313 486 3359 earum
509 3296 592 3371 sunt,
611 3293 671 3358 hoc
694 3295 745 3358 ost
765 3293 908 3358 homines
926 3294 959 3358 in
977 3292 1091 3375 quibus
1115 3291 1275 3367 babitant3

237 3493 369 3555 onaan.
389 3499 431 3565 1o,
450 3500 484 3554 ro
539 3500 573 3554 14
589 3497 626 3555 ss.
645 3467 690 3566 aa,
706 3500 740 3554 ar
797 3499 830 3553 rs
847 3498 884 3554 so.
903 3500 946 3564 25,
967 3499 1034 3552 1-s

186 3620 391 3712 ledilicaucrit
425 3658 580 3730 'aedilicit
624 3631 787 3721 'peccauit
848 3659 955 3713 helico
1009 3622 1106 3710 lmdio
1124 3656 1174 3722 (cic
1191 3673 1225 3710 m.
1243 3661 1275 3727 2)

149 3736 261 3827 5·stote
279 3772 330 3838 (ric
346 3789 381 3828 aa
398 3776 429 3838 2)
501 3757 640 3846 prudentis
701 3760 855 3830 doolumbe
913 3775 1126 3844 dpersecutures
1174 3771 1277 3827 8stotc

150 3861 215 3929 (cic)
286 3861 382 3931 inquid
435 3861 469 3940 ib
486 3865 572 3922 morte
628 3865 657 3917 11
679 3861 858 3916 confitendum
877 3863 961 3916 Pttro
978 3859 1127 3915 confitendo
1183 3861 1216 3913 14
1233 3861 1276 3914 in·

150 3948 215 4018 qnid
269 3950 302 4002 lb
321 3949 417 4003 cesaris
471 3949 504 4002 17
522 3948 601 4004 habit
669 3948 744 4016 folco
762 3947 845 4002 Pitrc
861 3948 968 4003 scribit:
984 3947 1090 4001 madere
1145 3947 1178 4002 18
1196 3947 1276 4002 fldem

151 4037 184 4090 19
202 4034 298 4106 inquid
334 4033 515 4089 asimilcbitnr
550 4037 582 4090 21
598 4034 687 4090 obiam
723 4036 757 4088 22
773 4039 831 4091 erat
866 4035 996 4105 sapientis
1032 4035 1066 4088 23
1084 4051 1137 4088 non
1149 4035 1278 4089 omissum

149 4123 184 4177 26
203 4121 242 4194 er]
262 4124 290 4177 et
342 4121 376 4177 27
394 4122 534 4208 elimosina
586 4123 814 4188 reluctationis
