2902 4636
546 279 858 332 Instructionum
884 272 951 334 lib.
978 277 1000 331 L
1289 282 1327 345 71

240 474 308 537 XV.
325 471 394 550 Quo
413 473 507 537 modo
525 473 774 556 intellegendum
794 476 853 547 est,
872 472 957 554 quod
975 472 1066 536 dicit:
1085 475 1123 536 et
1139 471 1330 536 habitauit

200 578 232 642 in
254 582 354 643 terra
376 579 483 645 Naid.

238 685 320 751 Naid
352 686 406 749 uel
437 686 522 749 siout
551 686 584 747 in
612 685 756 749 Hebraeo
788 685 884 748 habet
909 683 981 747 Nod
1012 684 1170 748 instabilis
1202 684 1328 759 dieitur,

199 810 266 874 ergo
290 812 352 856 non
374 796 475 855 terrae
498 810 610 856 nomen
634 795 693 867 est,
721 791 778 855 sed
805 791 892 854 iuxta
916 808 1051 873 poenam
1078 791 1327 871 sententiamque

171 897 332 960 5diuinam
356 917 473 981 uagum
496 897 572 962 Cain
595 898 693 961 fuisse
715 897 946 980 profugumque
968 897 1116 960 declarat

236 1005 320 1066 XVI.
355 1003 435 1067 Cum
467 1004 613 1084 superius
645 1005 748 1067 uirum
782 1008 813 1067 et
845 1002 1010 1067 mulierem
1046 1003 1227 1067 nominibus
1260 1003 1327 1067 suis

195 1112 363 1191 utrumqne
394 1106 562 1193 signasset,
587 1111 746 1192 quidest
770 1109 854 1191 quod
875 1109 908 1171 in
931 1109 1198 1190 consequentibus
1231 1109 1328 1172 adicit

194 1217 225 1276 et
246 1215 337 1278 dicit:
365 1216 488 1278 uirum
510 1219 550 1277 et
570 1216 766 1278 mulierem
793 1215 888 1278 lecit
909 1232 973 1279 eoa
996 1216 1033 1278 et
1054 1212 1248 1278 benedixit
1270 1214 1325 1278 eis

194 1322 227 1382 et
249 1321 404 1384 uocauit
427 1340 554 1384 nomen
579 1340 704 1385 eorum
727 1320 852 1386 Adam.

156 1441 177 1478 ¹⁰
233 1426 334 1489 Adam
358 1428 583 1510 interpretatur
605 1428 709 1504 homo,
729 1427 865 1490 hominis
883 1446 959 1492 nero
977 1428 1103 1491 nomine
1120 1426 1324 1490 manifestum

192 1536 240 1596 est
260 1538 327 1596 tam
350 1534 454 1597 uirum
477 1534 627 1615 appellari
648 1554 743 1617 possa
766 1554 860 1617 qnam
882 1534 1041 1598 seminam.

232 1638 334 1704 XVll.
359 1636 442 1717 Quid
472 1645 533 1716 est,
565 1641 650 1722 qnod
679 1641 713 1704 in
745 1641 835 1704 annis
857 1639 1040 1703 Mathusala
1071 1637 1323 1720 quattuordecim

190 1743 260 1805 anni
291 1762 348 1824 per
379 1743 562 1828 diligentem
585 1745 841 1826 supputationem
865 1746 949 1807 ultra
975 1744 1132 1808 diluuium
1155 1743 1323 1825 deprehen·

189 1847 315 1927 duntur,
339 1868 413 1912 cnm
436 1851 508 1914 oeto
530 1853 656 1914 tautum
678 1850 800 1914 animae
822 1850 854 1913 in
878 1868 950 1914 area
971 1850 1073 1914 fuisse
1094 1851 1278 1915 referantur.

151 1969 172 2006 1⁵
231 1956 324 2018 lirror
349 1955 382 2018 in
410 1975 540 2020 numero
563 1960 622 2031 est,
646 1955 762 2038 quippe
784 1975 857 2019 oum
879 1956 912 2019 in
930 1955 1144 2020 Hebraeorum
1165 1955 1255 2018 libris
1276 1956 1323 2019 ita

187 2060 321 2144 legatur,
343 2065 381 2124 ut
401 2061 484 2124 intra
505 2061 621 2125 diluuii
641 2063 768 2144 tempus
800 2060 853 2124 hio
885 2060 1138 2142 quattuordecim
1169 2080 1321 2126 annomm

187 2185 338 2230 nnmems
361 2167 531 2249 expleatur.

231 2271 347 2337 XVIIL
371 2272 451 2337 Cum
473 2273 619 2338 dominus
642 2273 742 2336 dicat:
775 2276 883 2336 erunt
909 2272 990 2337 dies
1018 2292 1143 2338 eorum
1172 2276 1319 2338 eentum

186 2378 327 2462 uiginti
350 2379 444 2453 anni,
464 2398 525 2461 quo
543 2379 637 2444 modo
650 2382 762 2462 postea
774 2379 916 2443 Abrahae
934 2380 1130 2461 aliorumque
1147 2381 1320 2445 multorum

144 2500 169 2537 2⁰
186 2483 271 2546 uitae
294 2487 436 2565 tempora
458 2485 542 2547 ultra
564 2485 641 2548 haee
664 2485 766 2566 spatia
788 2483 980 2546 tenduntnr?

231 2586 312 2667 Quia
333 2589 379 2653 ibi
401 2589 452 2652 hie
475 2609 625 2654 annorum
648 2608 798 2653 numerus
818 2588 958 2672 agendae
979 2589 1086 2671 potins
1108 2589 1318 2671 poenitentiae

186 2713 281 2777 quam
316 2695 401 2758 uitae
436 2695 539 2758 luerat
574 2695 754 2758 adtributus
790 2695 956 2772 hnmanae,
991 2695 1074 2757 intra
1105 2714 1200 2777 quem
1231 2715 1317 2778 prae

186 2800 339 2881 scriptum
362 2819 527 2863 numemm
549 2800 741 2865 confessioni
767 2802 926 2877 uacarent,
948 2803 987 2864 ut
1007 2801 1129 2865 diluuio
1152 2821 1214 2866 non
1236 2801 1318 2883 peri·

185 2910 264 2970 rent.
288 2908 343 2969 aut
365 2906 394 2969 si
416 2925 581 2970 numemm
597 2907 691 2970 illum
709 2906 748 2971 ad
766 2907 936 2970 humanam
957 2907 1065 2988 potins
1086 2907 1195 2971 referri
1217 2908 1317 2971 uitam

141 3029 167 3067 ao
184 3010 297 3092 placet,
330 3011 404 3093 quia
433 3031 535 3093 neque
566 3032 649 3077 nuno
680 3014 817 3096 amplius
851 3032 1041 3095 quemquam
1072 3033 1167 3097 qnam
1189 3017 1316 3080 eentum

184 3118 300 3200 uiginti
321 3137 418 3182 annos
441 3119 548 3182 uiuere
567 3120 662 3183 liceat
679 3119 759 3183 illud
777 3120 862 3202 quod
881 3119 1002 3184 dictum
1021 3123 1084 3183 est:
1108 3123 1218 3184 erunt
1234 3120 1315 3186 dies

273 3341 481 3396 lemaro.
534 3341 687 3404 8ib.5‚2
742 3343 776 3394 12
794 3342 830 3395 ib.
849 3342 1096 3406 amau-uo
1151 3345 1186 3398 14
1201 3344 1314 3409 ihu?

186 3429 220 3481 18
238 3427 275 3482 ib.
293 3430 319 3492 6,
338 3431 363 3483 3.
419 3430 452 3482 19
470 3430 517 3494 (ib.
536 3430 580 3493 25,
600 3430 629 3493 7;
648 3429 692 3493 35,
710 3429 755 3496 28)

219 3604 333 3657 IXVI
347 3604 375 3657 P
442 3604 510 3658 XV.
533 3621 586 3672 quo
608 3604 772 3658 modo-sod
794 3609 874 3659 erunt
890 3622 921 3674 p.
948 3608 1023 3661 721.
1043 3611 1062 3660 3
1085 3608 1179 3663 (ηδ’
1255 3609 1313 3663 abi·

181 3693 254 3744 tanit
270 3692 296 3744 V
375 3693 392 3746 2
410 3691 474 3746 naid
492 3693 536 3747 uel
553 3694 624 3746 sicut
641 3695 671 3746 iu
686 3692 802 3747 hebraeo
819 3694 904 3748 habet
919 3694 973 3748 nod
992 3696 1064 3764 quud
1082 3697 1246 3752 insatiabilis
1257 3698 1316 3752 AV

181 3780 199 3832 3
222 3779 436 3834 uel-instabilis
458 3797 509 3834 oua.
528 3781 587 3835 AV
665 3781 744 3835 dest
761 3783 789 3834 P
805 3784 838 3837 in
859 3783 981 3852 marbino
1064 3787 1081 3839 7
1099 3785 1268 3857 designasset
1285 3791 1313 3841 A

181 3867 282 3921 adiecit
298 3872 326 3922 A
416 3870 450 3923 10
466 3870 677 3937 interpraetatur
693 3871 721 3925 P
800 3871 831 3924 11
851 3872 992 3926 mulierem
1008 3873 1069 3927 AV
1151 3877 1191 3929 12.
1203 3875 1268 3929 XVI
1288 3877 1317 3931 P

180 3949 281 4036 adisP
349 3950 541 4038 mathusaldP
556 3985 706 4058 mathusale
719 3985 779 4039 AV
828 3986 863 4040 13
880 3985 1037 4059 dilunilsnm
1050 3987 1079 4041 P
1146 3989 1311 4060 depraehen-

180 4070 317 4124 dnntan
352 4071 655 4140 ldqnattuordeeemP
689 4075 722 4127 17
736 4074 890 4128 numerisP
926 4077 960 4130 21
974 4075 1088 4130 ubiAV
1120 4078 1314 4147 22quamAV

179 4159 214 4210 24
232 4159 267 4211 ad
285 4160 358 4212 ᾱιωι
373 4161 405 4212 in
422 4159 450 4213 P
466 4165 563 4228 (supra
580 4163 629 4215 la'n.
648 4179 667 4215 a
684 4179 718 4215 m.
737 4165 777 4229 2.)
