2902 4636
447 269 497 324 De
524 270 640 326 lande
666 271 820 327 heremi.
1130 276 1194 341 189

110 465 162 528 al.
186 465 228 529 lli
245 464 391 548 quamuis
410 483 503 548 saepe
520 465 553 530 in
570 466 695 531 heremo
715 466 819 532 tenuis
835 468 898 533 soli
915 468 1022 551 puluis
1041 472 1194 546 occurrat,

65 590 220 654 nusquam
242 574 347 635 tamen
370 569 491 635 firmius
515 570 713 654 euangelioae
740 570 826 637 illius
854 571 965 638 domus
991 573 1196 638 fundamenta

63 675 230 742 iaciuntur.
253 676 373 741 inillis
396 675 472 741 lieet
493 676 607 759 aliquis
631 676 801 742 consistere
824 677 947 743 harenis
969 677 1059 756 uelit,
1080 698 1195 762 nequa-

64 802 159 866 quam
180 785 286 847 tamen
309 800 403 865 super
424 782 555 848 harenas
579 782 707 847 domum
730 783 895 861 construit,
914 803 1070 868 nusquam
1090 785 1193 869 magis

33 907 158 971 squam
189 889 257 954 illio
289 906 383 970 supra
413 891 535 970 petram
565 887 757 970 praedictam
786 888 867 953 illud
894 889 1071 955 aedilicium
1098 893 1194 956 eollo·

64 997 167 1072 eatur,
201 994 284 1076 quod
315 993 460 1058 inmobili
482 993 656 1059 stabilitate
691 993 857 1059 fundatum
893 995 1080 1062 inconcussa
1109 996 1194 1069 mole

64 1099 198 1178 durabit,
231 1103 268 1164 ut
298 1103 438 1183 tempore
470 1099 684 1184 ingruentium
714 1101 921 1183 procellarum
952 1120 1013 1167 non
1044 1101 1194 1168 flantibus

63 1205 176 1284 uentis,
200 1224 261 1271 non
283 1206 424 1271 inmissis
448 1206 639 1271 torrentibus
663 1207 841 1272 subruatur.
868 1207 975 1291 itaque
1002 1205 1193 1274 habitatores

62 1311 178 1378 deserti
200 1313 277 1376 talia
299 1312 360 1378 sibi
393 1311 536 1377 aedificia
562 1313 618 1377 sed
644 1313 677 1377 in
705 1312 850 1378 cordibus
877 1306 1039 1392 lubricant,
1066 1314 1114 1380 illi
1137 1314 1192 1397 qui

19 1439 44 1481 ro
61 1436 186 1482 summa
211 1418 285 1483 imis
313 1421 479 1501 appetunt,
512 1419 634 1484 excelsa
664 1419 844 1484 humilitate
877 1422 1037 1491 sectantur
1067 1419 1192 1486 desides

62 1524 155 1606 atque
177 1523 363 1589 inmemores
391 1526 584 1588 terrenorum
611 1523 650 1589 ob
679 1542 766 1606 spem
793 1526 968 1607 uotumque
995 1525 1191 1592 caelestium.

62 1629 116 1710 qui
139 1629 288 1707 abiciunt,
312 1629 387 1694 dum
406 1648 498 1713 egere
517 1629 649 1712 malunt,
668 1628 806 1706 diuitias,
827 1648 917 1714 egere
936 1630 1190 1708 festinanhdum

38 1725 132 1799 ¹asse
166 1733 282 1799 diuites
315 1736 561 1816 concupiscunt;
599 1734 649 1800 die
680 1754 717 1800 ae
748 1738 839 1801 nocte
870 1735 976 1800 labore
1007 1736 1192 1821 uigiliisque

62 1838 231 1919 decertant,
254 1843 291 1905 ut
313 1841 546 1923 adprehendant
567 1841 653 1905 uitae
675 1841 763 1906 illius
784 1841 983 1924 principium,
1011 1835 1101 1908 cuius
1128 1862 1190 1908 non

15 1965 44 2007 1⁵
60 1945 239 2009 inuenietur
257 1949 438 2011 extremum.
463 1946 508 2010 sio
527 1948 668 2010 materno
691 1946 837 2012 heremus
860 1947 932 2012 sinu
955 1947 1095 2013 eontinet
1116 1948 1191 2013 illos

60 2051 254 2116 aeternitatis
276 2052 452 2117 rectissime
480 2070 601 2130 auaros,
628 2052 708 2120 bene
734 2052 882 2137 prodigos
907 2052 1079 2133 breuitatis,
1102 2055 1190 2120 incu-

58 2159 161 2224 riosos
194 2158 368 2241 praesentis
404 2158 566 2242 temporis,
604 2160 706 2223 certos
741 2159 850 2237 futuri,
883 2162 916 2225 et
944 2178 1000 2242 per
1029 2161 1106 2226 haee
1138 2162 1192 2226 ad*

59 2267 243 2346 sequuntur,
262 2264 348 2329 utin
367 2270 446 2347 quos
465 2265 661 2329 saeculorum
679 2264 756 2329 fines
771 2265 982 2343 decurrerunt,
996 2265 1045 2330 his
1064 2267 1192 2331 saecula

58 2370 126 2434 sine
149 2371 210 2435 fine
233 2369 426 2454 contingant.

13 2497 41 2538 ro
103 2475 156 2540 35.
192 2475 329 2540 Feruent
359 2475 405 2541 ibi
436 2476 630 2558 conscriptae
661 2476 818 2542 interioris
851 2475 987 2540 hominis
1023 2476 1191 2541 salubriter

57 2582 146 2665 leges
171 2584 203 2649 et
225 2581 341 2646 aeterni
365 2581 483 2647 saeculi
505 2581 575 2645 iura
598 2581 758 2647 subtilius.
794 2599 856 2645 non
883 2581 949 2645 illie
971 2582 1109 2646 humana
1131 2582 1189 2647 eri·

57 2687 180 2767 minum
201 2687 437 2770 facinorumque
463 2687 657 2771 praescripta
682 2687 749 2750 uim
777 2706 866 2755 suam
893 2690 1049 2765 resonant,
1073 2706 1131 2752 nec
1154 2707 1188 2753 se

57 2792 185 2857 ultricia
199 2793 380 2875 capitalium
396 2793 580 2858 delictorum
594 2793 664 2858 iura
682 2795 819 2859 exerunt.
844 2811 896 2859 eor
908 2792 971 2857 uisi
983 2792 1188 2875 purissimum

56 2897 203 2983 indignae
227 2898 318 2983 leges
345 2900 467 2964 faciunt
492 2919 591 2978 reum,
616 2903 710 2983 atque
736 2899 805 2981 ipse
833 2898 918 2963 omni
944 2898 1049 2964 studio
1072 2899 1189 2965 mentis

14 3023 41 3065 rs
57 3007 165 3070 motus
192 3005 322 3070 interior
355 3005 439 3070 intra
469 3005 612 3070 iustitiae
638 3004 788 3071 terminos
817 3007 987 3082 coercetur,
1018 3004 1201 3087 eodemque*

58 3129 93 3176 se
115 3110 220 3176 iudice
243 3112 296 3188 uel
313 3111 434 3176 leuium
453 3112 680 3196 cogitationum
702 3110 855 3194 principia
881 3111 1071 3193 plectuntur.
1104 3112 1188 3194 apud

58 3216 137 3281 alios
170 3217 289 3281 malum
323 3217 366 3280 sit
396 3216 514 3281 malum
545 3216 668 3294 lenisse,
697 3216 779 3299 apud
805 3217 864 3282 hos
890 3235 965 3281 uero
993 3216 1112 3281 malum
1139 3220 1190 3282 est

57 3322 175 3387 bonum
198 3340 259 3386 non
281 3321 404 3387 fecisse.

103 3429 156 3492 36.
190 3426 253 3492 Sed
280 3445 340 3509 quo
364 3428 456 3493 modo
485 3447 543 3512 ego
566 3427 686 3511 possim
710 3429 1003 3494 commemoratione
1026 3428 1120 3514 digna
1141 3429 1186 3494 in·
1301 3453 1303 3455 ·

16 3549 40 3592 ao
57 3533 172 3598 teriora
202 3533 320 3597 heremi
354 3532 503 3596 instituta
533 3533 698 3597 uenerari?
735 3551 817 3597 nunc
848 3551 922 3598 uero
957 3533 1039 3598 illud
1070 3536 1187 3600 tacitus

62 3751 64 3754 .
146 3705 163 3760 3
181 3705 290 3770 (llatth.
310 3706 334 3766 7,
354 3706 399 3771 24)

91 3810 231 3878 deliquid
247 3810 278 3865 F
337 3809 537 3880 5praedictum
556 3811 643 3866 ΕΓΗ
706 3813 738 3866 10
758 3812 828 3865 celsa
845 3810 879 3865 H
940 3812 973 3865 12
991 3811 1102 3866 diuitias
1122 3811 1184 3866 dnm

57 3915 136 3968 egere
154 3899 259 3952 malunt
277 3915 355 3968 egere
374 3899 506 3953 festinant
522 3898 556 3953 H
623 3917 677 3954 non
697 3917 774 3970 egere
786 3898 852 3953 EF.
887 3901 928 3954 *15
946 3899 1188 3955 inuenientEFH

58 3986 91 4040 16
107 3987 256 4041 rectissime
268 4002 320 4043 om.
332 3986 360 4042 R
398 3987 430 4042 18
445 3988 669 4058 et-eontingant
680 4005 729 4045 eor.
744 3987 803 4040 EF
815 4010 817 4013 ·
851 3990 883 4041 nt
901 3987 948 4057 qni
960 3987 1067 4057 iniquos
1080 3988 1184 4042 eontin-

57 4073 169 4143 gantH
208 4075 334 4145 releges
352 4074 538 4130 salubriterF
574 4077 609 4131 23
628 4081 738 4131 exerunt
756 4093 806 4130 om.
819 4076 853 4129 H
890 4076 925 4129 24
942 4075 1052 4145 legiaR
1092 4076 1126 4131 25
1140 4092 1183 4130 eo·

57 4161 182 4232 demque]
192 4179 222 4216 eo
233 4162 347 4233 denique
357 4163 415 4216 EF
451 4165 485 4217 26
500 4165 544 4219 uel
556 4164 669 4234 lenium]
686 4165 749 4219 ullis
759 4163 863 4218 suntE
900 4165 935 4220 30
943 4165 1043 4218 tacitus
1052 4163 1121 4218 illud
1128 4163 1189 4218 EF
