2902 4636
214 229 305 334 'XVI
684 269 899 324 Praefatio.

273 459 422 544 Quisquis
445 462 570 528 codices
592 464 664 526 uult
684 464 849 546 inspicere,
874 483 1008 546 quorum
1032 466 1150 530 scribae
1173 467 1237 530 iam
1261 467 1351 532 nimir

228 567 437 650 interpolandi
469 568 573 633 studio
603 572 690 632 erant
716 569 823 647 dediti,
852 573 1066 652 perscrutetur
1097 573 1230 655 exempli
1263 592 1355 638 causa

229 692 343 756 quaeso
376 673 499 739 codices
530 675 690 740 Parisinos
721 675 776 742 Nr.
802 677 885 740 1791
916 674 978 762 (Of.
1012 677 1153 742 Saluiani
1183 679 1358 762 presbyteri

228 778 435 845 Massiliensis
459 799 551 864 opera
578 781 1086 848 omnia—recensuitFranciscus
1108 785 1218 868 Pauly.
1242 784 1358 851 Vindo-

229 884 327 950 bonae
345 885 650 951 Mocccuxxxnl
667 908 697 969 p.
718 885 806 973 216),
832 890 928 966 2182,
955 889 1052 967 2727,
1079 891 1194 968 12237,
1219 891 1259 954 11
1278 909 1357 974 quos

227 992 366 1073 proxime
390 993 511 1058 accedit
533 992 600 1060 eod.
625 993 727 1060 Vatio.
750 994 806 1058 Nr.
830 980 893 1059 553
918 1014 943 1059 s.
967 995 1021 1058 IX.
1042 1015 1175 1078 quorum
1198 997 1357 1079 aliquanto

226 1099 434 1178 praestantior
464 1103 513 1164 est
544 1099 611 1164 cod.
644 1100 713 1166 Par.
746 1101 843 1167 2182.
886 1100 941 1164 sed
971 1101 1068 1165 nolim
1095 1101 1145 1165 his
1177 1101 1265 1167 libris
1294 1121 1357 1166 non

230 1205 349 1291 exstare
375 1207 469 1286 putes
495 1205 637 1287 peiores;
662 1205 706 1270 eis
729 1205 913 1288 praesertim
936 1205 1141 1271 Brassicanus
1164 1207 1196 1271 in
1220 1207 1356 1272 editione

231 1308 406 1373 adornanda
427 1330 505 1377 usus
529 1314 586 1378 est.

272 1416 299 1479 P
326 1415 442 1481 codicis
468 1417 593 1482 bonitas
621 1419 653 1481 et
679 1417 872 1508 praestantia
898 1418 985 1481 tanta
1013 1419 1073 1496 est,
1096 1423 1133 1490 ut
1163 1418 1259 1482 lectio
1282 1438 1357 1483 uera

229 1520 344 1602 ubique
371 1521 435 1586 fere
462 1524 518 1586 aut
547 1542 582 1587 eo
607 1524 673 1588 solo
697 1523 816 1586 nitatur
838 1527 894 1586 aut
915 1523 970 1588 illo
994 1542 1056 1587 non
1084 1523 1228 1588 adhibito·
1247 1543 1263 1587 e
1285 1524 1356 1588 roli-

228 1646 360 1709 quorum
385 1627 537 1693 librorum
564 1629 728 1710 seripturis
756 1629 1009 1712 discrepantibus
1042 1629 1167 1694 omnino
1200 1629 1266 1693 erui
1294 1647 1356 1694 non

227 1733 338 1814 possit.
366 1733 460 1816 quod,
483 1733 511 1798 si
532 1733 645 1816 Paulyi
677 1733 848 1798 editionem
872 1734 979 1816 quiin
1004 1735 1108 1798 uerbis
1135 1733 1354 1799 Formularum

228 1838 454 1904 constituendis
474 1838 614 1903 seecdd.
635 1838 706 1904 Vat.
727 1841 789 1903 552
815 1843 847 1904 et
868 1842 942 1917 553,
963 1833 1218 1922 sangallensibus
1239 1840 1303 1903 225
1323 1842 1354 1904 et

227 1946 302 2023 230,
320 1944 461 2010 Parisino
488 1945 593 2008 12236
608 1964 638 2026 p.
654 1947 782 2009 411111
805 1963 874 2009 esse
895 1944 982 2020 dicit,
1003 1963 1075 2009 cum
1093 1963 1165 2008 mea
1180 1944 1354 2011 contuleris

225 2049 296 2113 luce
315 2050 428 2114 clarius
448 2050 619 2132 apparebit,
639 2069 717 2131 quae
734 2069 787 2114 res
806 2052 1031 2134 grammaticas
1047 2051 1079 2113 et
1097 2049 1354 2134 orthographicas

227 2155 402 2219 accuratius
437 2156 617 2238 respicienti
654 2156 743 2238 quasi
789 2175 908 2219 nouum
956 2174 1034 2237 opus
1075 2174 1145 2219 esse
1184 2143 1355 2223 uidebitur.

227 2261 367 2345 exempla
394 2264 499 2325 autern
527 2262 641 2343 quibus
668 2262 765 2325 uerba
786 2281 856 2325 mea
877 2261 1047 2343 probentur
1070 2279 1131 2325 non
1155 2279 1225 2324 sum
1252 2260 1352 2342 prola·

224 2370 326 2446 turus,
355 2386 427 2432 cum
449 2387 485 2431 ex
501 2368 624 2450 ‘queuis
652 2367 747 2432 huius
776 2367 921 2432 editionis
952 2367 1067 2450 pagina
1097 2367 1240 2457 inspecta
1272 2384 1352 2447 quae

224 2474 303 2537 ratio
326 2473 408 2536 inter
434 2473 455 2535 P
479 2475 511 2535 et
531 2472 628 2536 libros
652 2474 772 2536 ceteros
794 2470 968 2536 intercedat
989 2472 1081 2535 facile
1105 2487 1288 2555 cognoscas.

268 2579 375 2642 Meum
399 2578 570 2659 essequod
592 2577 704 2659 putaui
722 2577 870 2641 Eucherii
892 2577 989 2641 uerba
1012 2576 1149 2660 genuina
1171 2575 1272 2652 edere,
1290 2594 1353 2640 non

224 2702 295 2748 sum
319 2687 448 2748 secutus
471 2684 583 2766 Paulyi
604 2683 750 2767 uestigia,
770 2684 824 2765 qui
847 2683 942 2747 etiam
963 2682 1218 2765 interpolationes
1238 2681 1353 2746 adiecit

224 2788 374 2874 (1111.
397 2809 428 2870 p.
454 2790 584 2871 7-10).
612 2789 690 2853 mihi
713 2789 795 2856 enim
818 2808 1004 2872 persuasum
1032 2790 1081 2852 est
1108 2787 1247 2871 episcopi
1268 2787 1351 2872 Lug-

222 2894 373 2959 dunensis
386 2893 563 2972 Pormulas,
579 2913 658 2976 quae
676 2897 714 2957 ut
727 2885 868 2959 Cassiani
885 2895 1105 2959 Institutiones
1124 2892 1184 2979 (cf.
1203 2893 1351 2958 Iohannis

225 2999 366 3065 Cassiani
399 2999 509 3081 Opera.
541 2999 712 3065 Recensuit
743 3000 880 3064 Michaol
912 2999 1111 3082 Petschenig.
1147 2996 1350 3063 Vindobonae

223 3104 558 3172 MDCOOLXXXVIII
582 3125 613 3186 p.
641 3103 742 3190 XIII.)
770 3109 857 3170 erant
883 3105 987 3169 medic
1011 3123 1088 3168 aeuo
1112 3103 1349 3181 usitatissimae,

222 3213 254 3275 in
290 3211 547 3277 monasteriorum
585 3211 702 3275 scholis
740 3211 903 3274 enchiridii
938 3227 1065 3272 munere
1105 3209 1229 3273 functas
1269 3226 1355 3272 osse.-

223 3319 261 3382 ob
281 3317 410 3382 eandem
429 3334 556 3382 causam
575 3318 668 3380 etiam
691 3316 722 3379 in
743 3319 913 3399 augustum
937 3317 1011 3379 sunt
1034 3317 1159 3381 coactae
1179 3313 1350 3394 aquodam

208 3417 437 3505 'epitomatore
456 3421 540 3503 quod
558 3423 746 3504 opusculum
765 3441 843 3486 anno
864 3422 959 3485 1886.
981 3419 1076 3483 11111.
1094 3417 1240 3504 (Glossae
1260 3418 1350 3499 spiri-

220 3529 300 3592 tales
311 3527 482 3592 secundum
491 3527 681 3592 Eucherium
691 3523 1180 3611 episcopum.,Sitaungsherichte
1191 3522 1349 3589 derPhil.-

219 3634 305 3699 Hist.
326 3632 372 3699 Cl.
396 3634 426 3697 d.
448 3635 479 3698 k.
502 3633 672 3698 Akademie
695 3619 1188 3712 1111111111111111
1208 3627 1253 3694 (tf.
1273 3628 1347 3693 Pro·

222 3741 349 3805 dromus
372 3740 508 3822 corporis
537 3741 761 3823 glossariorum
788 3738 979 3812 bacinorum.
1009 3731 1142 3819 Scripsit
1165 3730 1203 3803 G.
1226 3734 1369 3801 Loewe.

220 3846 345 3928 Lipsiae
368 3844 640 3911 MDCCCLXXVI
661 3867 691 3928 p.
719 3846 791 3921 170,
816 3845 890 3921 222,
915 3844 988 3919 233,
1014 3843 1088 3918 236,
1113 3841 1176 3904 272
1201 3841 1233 3902 11
1258 3838 1349 3903 Η11-

219 3951 351 4015 manni
379 3952 549 4016 Us'oneri
581 3951 831 4015 dissertationem
857 3950 929 4031 ,Der
950 3949 1030 4014 liber
1052 3944 1239 4032 glossarum’
1262 3944 1346 4010 Mus

219 4057 319 4139 Rhen.
337 4061 363 4122 t.
381 4057 485 4122 XXIV
507 4055 548 4141 (1.
572 4054 720 4143 1869)]1.
741 4054 934 4139 382-391).
958 4054 1042 4121 idem
1065 4051 1217 4118 accidisse
1234 4048 1349 4128 Isidori

212 4163 406 4246 'synonymis
438 4183 457 4226 a
487 4181 537 4226 me
570 4162 818 4240 demonstratum
852 4163 902 4226 est
932 4161 1022 4238 libro,
1057 4160 1109 4224 cui
1145 4155 1346 4225 inscribitur:
