2902 4636
547 114 857 170 Instructionum
885 106 1002 171 libyl.
1251 123 1312 185 125

229 309 379 387 Tradidit,
403 309 563 377 traditioni
587 310 759 392 adquieuit.
783 311 814 375 in
835 311 931 376 sacris
950 330 1083 394 namque
1101 312 1189 378 libris
1212 311 1313 377 facere

185 414 342 479 interdum
370 416 447 480 deus
475 415 590 485 dicitur
614 415 645 479 in
675 416 788 497 quibus
821 417 971 481 faciendis
1003 418 1130 483 uidetur
1155 421 1312 500 praestare

186 521 377 603 patientiam.
402 522 468 586 alia
496 523 610 605 quippe
638 526 713 586 sunt
740 543 818 605 quae
845 524 912 588 fieri
940 524 1016 589 deus
1044 525 1125 602 nult,
1150 525 1211 589 alia
1233 543 1313 607 quae
1357 525 1365 540 '

184 626 250 691 fieri
273 627 358 692 sinit.
382 629 453 692 uult
476 647 549 713 ergo
573 627 638 692 fieri
662 648 740 711 quae
763 629 847 694 facto
871 633 999 712 apparot
1022 649 1092 696 esse
1115 631 1255 695 meliora.
1280 631 1312 693 at

145 749 257 798 ⁵noro
286 733 439 799 deteriora
465 735 621 816 permittit
658 737 695 799 ut
721 734 849 800 libertas
874 736 1011 800 vhumani
1044 739 1166 801 constet
1193 735 1313 801 arbitrii

183 838 214 902 in
252 859 314 925 qua
348 841 468 905 arbitrii
504 841 649 905 libertate
685 841 837 906 bonorum
873 840 1068 905 malorumuo
1104 841 1312 906 sectatoribus

183 943 289 1010 diuino
312 945 429 1010 iudicio
454 947 637 1010 exhibeatur
658 947 823 1011 retributio
846 946 929 1010 iusta
951 946 1143 1013 meritorum.

226 1051 299 1118 1111.
323 1052 359 1117 In
382 1052 441 1117 hac
464 1053 573 1116 eadem
596 1053 732 1135 epistula
755 1051 830 1134 quid
851 1052 1096 1136 intellegendum
1117 1056 1166 1118 est
1185 1051 1222 1116 de
1241 1052 1310 1129 hoc,

185 1156 268 1238 quod
289 1156 440 1241 legimus:
474 1158 563 1238 quis
588 1158 800 1222 accusabit
823 1157 979 1232 electos
1004 1156 1089 1221 dei?
1122 1157 1219 1221 deus
1243 1157 1311 1239 qui

130 1273 165 1315 1⁰
183 1261 404 1327 iustificat.
429 1264 519 1345 quis
543 1266 605 1328 est
623 1263 689 1345 qui
709 1263 967 1328 condemnet?
991 1262 1311 1328 ChristusIesus

184 1368 460 1450 quimortuus
489 1372 560 1436 est.
588 1369 704 1432 immo
734 1369 800 1451 qui
828 1369 1061 1446 resurrexit,
1091 1369 1158 1450 qui
1181 1367 1311 1433 estad

185 1476 385 1540 dexteram
408 1475 481 1553 dei,
506 1477 572 1558 qui
597 1475 717 1540 etiam
739 1473 983 1556 interpellat
1005 1493 1073 1557 pro
1096 1475 1222 1540 nobis.

225 1581 362 1645 Haecin
382 1582 497 1665 quibus
521 1581 582 1645 sibi
604 1581 671 1663 ipse
694 1580 855 1663 respondit
877 1579 967 1662 quasi
989 1575 1146 1664 εἰρωνικῶς
1168 1579 1309 1664 legenda.

184 1689 214 1750 et
250 1690 300 1750 est
336 1706 447 1753 sensus
482 1687 560 1751 iste:
598 1687 660 1752 nisi
691 1685 771 1751 forte
802 1687 919 1750 eiectos
952 1704 1027 1750 snos
1060 1688 1115 1750 aut
1146 1686 1224 1750 dous
1256 1685 1311 1767 qui

129 1810 165 1852 rs
181 1791 334 1857 iustificat
356 1795 411 1856 aut
434 1791 578 1858 Christus
607 1793 660 1874 qni
687 1811 742 1875 pro
766 1791 815 1856 his
839 1795 889 1855 est
910 1796 1052 1857 mortuus
1077 1791 1309 1868 condemnabit3

182 1897 309 1961 minime
331 1898 440 1979 utique
464 1897 518 1979 qui
541 1897 634 1961 etiam
658 1897 836 1980 interpellat
858 1914 912 1978 pro
935 1895 1036 1960 nobis.
1069 1896 1128 1960 hoc
1152 1900 1202 1960 est
1224 1914 1308 1980 ergo,

183 2002 266 2084 quod
290 2001 381 2065 dicit:
406 2020 496 2066 nemo
520 2001 739 2067 condemnabit
760 2003 889 2065 electos.

147 2164 149 2168 .
226 2108 264 2171 V.
289 2105 370 2186 Quid
394 2107 591 2172 sentiendum
610 2109 746 2172 estloco
764 2105 873 2171 hocin
892 2125 953 2189 quo
973 2107 1135 2189 apostolus
1153 2105 1308 2188 loquitur:

183 2213 366 2295 optabam
398 2213 499 2276 enim
533 2231 602 2296 ego
634 2213 721 2295 ips-e
753 2214 963 2278 anathema
992 2231 1080 2276 esse
1104 2230 1122 2275 a
1145 2212 1307 2278 Christo

133 2336 248 2400 supro
272 2317 472 2383 fratribus
490 2319 588 2383 meis
608 2318 675 2401 qui
693 2322 788 2382 sunt
805 2318 968 2403 cognati
991 2316 1066 2381 mei
1090 2317 1307 2382 secundnm

183 2442 348 2503 carnem,
373 2425 570 2506 etreliqua?
1352 2435 1354 2438 ’

224 2529 399 2594 Anatbema
417 2529 582 2606 interdum,
601 2532 638 2592 nt
656 2533 687 2593 et
705 2529 766 2606 iric,
787 2529 975 2594 occisionem
997 2528 1307 2610 interfectionemque

183 2635 347 2718 significat.
380 2655 453 2718 ergo
485 2635 537 2699 bic
569 2637 731 2716 apostolus
761 2625 861 2716 perire
892 2637 981 2715 optat
1011 2633 1043 2696 in
1072 2652 1171 2711 carne,
1195 2636 1232 2697 ut
1255 2633 1308 2697 alii

183 2741 345 2805 saluentur
371 2741 402 2804 in
431 2741 554 2823 spiritu.
580 2743 611 2804 et
634 2741 739 2804 aliter:
771 2740 817 2803 ita
839 2739 891 2804 hic
918 2739 1081 2820 apostolus
1105 2739 1169 2802 uim
1193 2738 1306 2803 nimiae

139 2847 321 2910 recantatis
345 2849 498 2929 expressit
520 2849 677 2929 exoptans,
697 2847 725 2911 si
743 2846 809 2911 fieri
832 2845 944 2926 possit,
965 2864 983 2908 a
1001 2844 1124 2910 Christo
1144 2844 1309 2909 anathema

183 2969 251 3015 esse
278 2970 332 3034 pro
360 2951 518 3028 fratribus,
546 2951 630 3015 sicut
657 2954 689 3015 et
711 2951 816 3016 Moses
845 2950 899 3033 qni
927 2968 1081 3032 cumpro
1109 2951 1224 3031 populo
1249 2967 1305 3013 suo

182 3055 275 3123 deum
292 3058 412 3137 peteret
429 3056 489 3120 ait:
513 3057 551 3120 et
568 3075 678 3131 nuno,
699 3055 864 3154 domine,
884 3054 918 3117 si
944 3053 1102 3145 quidem
1122 3053 1306 3118 dimittes

182 3159 270 3225 illis
292 3164 459 3243 peccata
480 3161 656 3239 illorum,
680 3161 859 3235 <limitem
884 3160 946 3223 sin
969 3161 1111 3236 autem,
1136 3157 1305 3222 deleme

183 3263 226 3328 de
248 3263 354 3329 libro
377 3267 445 3331 tno
469 3284 583 3347 quem
606 3265 827 3347 scripsisti.

268 3453 379 3507 9Rom.
398 3452 424 3516 8,
442 3453 548 3507 33-34
602 3453 634 3508 19
651 3453 688 3508 ib.
705 3452 769 3526 ,9,3
805 3453 856 3506 '27
874 3453 922 3506 Ex.
941 3451 985 3518 32,
1002 3452 1035 3507 31
1056 3467 1095 3522 sq.

215 3550 341 3638 babitrii
360 3587 387 3638 P
456 3585 662 3640 terhibeatV
732 3587 765 3639 12
784 3585 904 3640 deteram
922 3584 950 3637 P
1019 3584 1052 3638 13
1070 3549 1209 3653 respondit
1228 3586 1306 3652 (corr.

180 3673 266 3741 1122.)
281 3673 309 3726 Ρ
367 3674 541 3728 hironicosP
556 3674 764 3729 hironicusAV
810 3674 844 3727 14
857 3676 905 3726 aut
918 3687 969 3727 om.
983 3670 1043 3725 AV
1089 3672 1123 3726 16
1135 3670 1317 3778 mislpimoPv
1360 3727 1362 3730 ,

182 3788 213 3840 17
233 3788 391 3842 condemnet
413 3788 439 3842 V
525 3790 634 3894 allieotos
653 3790 680 3843 P
768 3788 801 3844 18
825 3790 866 3842 est
887 3786 956 3841 illnd
977 3786 1037 3841 AV
1123 3788 1156 3841 19
1180 3786 1307 3858 optabam

181 3904 260 3969 (corr.
279 3919 313 3956 m.
329 3903 407 3971 2.)P
494 3909 619 3959 anatema
636 3904 664 3957 P
733 3904 767 3958 22
786 3903 952 3957 occasionem
970 3901 1028 3956 AV
1096 3902 1132 3956 24
1153 3903 1193 3956 ita
1212 3919 1262 3958 om.
1280 3904 1308 3957 P

181 3988 215 4043 25
234 3990 269 4059 si]
288 4006 317 4044 se
340 3990 367 4044 V
417 3992 450 4045 27
469 3995 605 4062 praeterat
626 3992 653 4046 V
703 3992 737 4046 28
757 4007 848 4046 corum
871 3990 897 4043 V
