2902 4636
493 237 763 307 epistularum.
1123 244 1186 307 199

66 434 93 492 et
112 430 255 505 conditor,
276 432 353 507 quis,
373 434 451 508 quod
472 449 556 493 nemo
580 434 622 493 sie
643 433 738 509 potuit
758 433 897 506 inuenire,
916 433 1015 510 utique
1038 436 1081 496 sic
1103 454 1187 496 nemo

64 520 169 581 laudnt
193 520 246 581 sed
268 522 336 581 dum
357 522 429 582 laec
451 522 558 582 tacitus
580 540 690 582 mecum
712 523 839 595 reuoluo,
864 524 988 583 occurrit
1013 525 1083 583 mihi
1110 525 1187 599 quod

64 608 92 669 iu
116 609 302 670 bibliothecis
328 609 451 670 studiosi
477 610 664 673 saecularium
689 612 848 671 litterarum
875 628 946 686 puer
973 614 1127 687 quondam,
1156 615 1188 672 ut

65 714 93 757 so
112 698 219 761 aetatis
240 697 318 757 illius
341 699 494 759 curiositas
514 699 613 772 habet,
634 700 841 776 praetercundo
863 700 1008 775 legissem.
1032 718 1098 761 nam
1122 719 1185 761 enm

42 790 146 863 isupra
162 789 338 847 memoratae
357 786 437 847 aedis
456 786 604 848 ordinator
621 805 655 847 ac
669 788 801 848 dominus
819 788 898 848 inter.
912 805 1061 863 expressas
1079 789 1187 863 lapillis

65 876 110 935 sut
130 876 206 935 ceris
229 873 419 943 discoloribus
441 875 637 951 formatusque
660 876 770 951 efligies
791 876 838 935 uel
861 879 1006 936 oratorum
1028 878 1076 937 uel
1099 878 1185 937 etiam

64 966 208 1039 poetarum
230 963 369 1039 specialia
390 964 569 1039 singulorum
596 965 741 1040 sutotypis
763 965 968 1040 epigrammata
999 965 1184 1038 subdidisset,

65 1052 110 1113 ubi
129 1053 169 1113 ad
189 1051 381 1127 praeiudicati
405 1052 512 1127 eloquii
534 1053 614 1112 uenit
635 1057 759 1128 poetam,
783 1054 838 1113 hoc
860 1054 944 1113 modo
970 1071 1052 1114 orsus
1077 1058 1134 1114 ost:

86 1158 89 1164 ’
186 1140 341 1217 Virgilium
362 1146 459 1202 uatem
480 1140 583 1201 melius
605 1159 658 1202 sua
681 1142 807 1202 carmina
828 1142 958 1213 laudant,

37 1242 55 1283 u
186 1230 219 1289 in
239 1228 315 1289 stota
336 1229 404 1290 dum
425 1230 507 1290 fluuii
529 1233 653 1301 current,
678 1231 745 1289 dum
767 1231 912 1290 montibus
934 1232 1052 1290 umbrae

186 1318 352 1379 lustrcbunt
374 1334 512 1391 conuera,
535 1318 619 1392 polus
643 1319 710 1379 dum
732 1318 828 1378 sidera
848 1321 959 1394 pascet,

187 1422 302 1481 semper
321 1406 425 1479 honos,
448 1424 610 1482 nomenque
632 1410 712 1467 tuum
734 1408 892 1483 laudesque
914 1407 1081 1468 manobunt.

69 1494 94 1553 et
111 1496 190 1569 uere,
213 1495 367 1556 dummodo
386 1496 566 1556 orationibus
582 1496 641 1555 tuis
658 1496 742 1570 culpa
760 1513 881 1566 careum,
902 1496 979 1571 quod
996 1496 1072 1555 inter
1089 1511 1187 1555 sacros

69 1581 158 1658 epicos
184 1584 526 1660 commemorationesque
552 1587 716 1645 sanctorum
741 1584 928 1644 mundialium
952 1601 969 1643 a
991 1601 1036 1642 mo
1063 1583 1154 1658 script
1173 1617 1188 1630 ·

39 1676 154 1732 orarum
170 1674 342 1747 promuntur
363 1672 502 1749 exemplu,
521 1673 622 1733 merito
645 1672 715 1733 mihi
738 1674 882 1733 dominnm
900 1672 1072 1732 Eucherium
1093 1673 1188 1732 mente

69 1760 200 1822 recolenti
219 1763 407 1822 memoratum
428 1762 459 1821 in
480 1760 650 1822 memoriam
673 1777 745 1836 opus
767 1761 897 1821 recurrit.
925 1778 992 1820 nam
1015 1760 1081 1820 dum
1105 1763 1191 1820 erunt

69 1850 191 1925 superius
219 1850 426 1927 conprehensa,
455 1850 581 1911 omnium
609 1850 833 1910 Christianorum
860 1866 909 1908 ors
936 1852 965 1909 et
992 1866 1088 1909 amoro
1111 1850 1188 1910 colo·

69 1936 181 2001 trabere
205 1938 420 2016 praedicandus
446 1939 477 1998 in
502 1943 659 2014 posterum,
684 1940 751 1998 dum
777 1940 863 1999 doces
889 1942 1033 2012 posteros.
1063 1954 1114 1998 ora
1134 1953 1187 2013 pro

71 2042 117 2099 no,
139 2028 256 2089 domine
276 2044 345 2087 uere
366 2031 466 2087 sancte
489 2034 575 2103 atque
598 2027 688 2088 amice
711 2028 757 2087 dci
780 2029 809 2086 et
830 2025 901 2086 mihi
922 2027 954 2086 in
973 2024 1087 2087 (thdsto
1111 2026 1188 2086 omui

43 2115 141 2175 snitu
161 2115 346 2192 suscipiende
368 2119 460 2192 pater.

100 2294 254 2373 itallitum
272 2316 377 2355 mecum
394 2299 504 2355 reuolbo
575 2301 640 2371 quid
707 2298 905 2353 3bibliothcca
924 2297 1088 2353 Simondas
1157 2300 1189 2352 ut

72 2370 189 2429 ‚duim
205 2377 245 2427 est
330 2370 562 2442 4practsrcunda
650 2371 759 2426 tinter
776 2370 903 2424 emmaum
920 2375 960 2424 est
1048 2385 1188 2439 expressos

75 2438 197 2498 dedicios
250 2442 366 2498 comm
383 2443 429 2498 uel
446 2443 573 2498 omissum
590 2448 630 2497 cst
681 2441 859 2512 laespeeilia
922 2439 1054 2509 sutotipis
1125 2439 1187 2494 sub·

74 2508 183 2569 didissed
251 2512 406 2584 8aeloquii
476 2530 553 2568 ursos
609 2513 642 2568 10
659 2516 717 2566 turn
787 2511 893 2566 iiuuiuii
912 2512 971 2580 (aie)
1028 2511 1060 2564 13
1078 2510 1189 2579 omissi:
1312 2520 1315 2526 '

75 2596 174 2648 ursam.
192 2582 277 2641 codes
293 2588 390 2650 carest,
404 2584 581 2640 &mendose
597 2601 650 2638 nou
663 2586 757 2638 teneat
791 2584 825 2637 15
838 2598 892 2651 pro
911 2585 1069 2652 promuntur
1079 2580 1189 2649 scripsit

75 2650 239 2711 diuma
254 2658 392 2727 ponuntur
461 2655 588 2710 domuum
642 2655 675 2709 l'l
692 2653 870 2709 celebraturis
888 2652 1065 2708 comoedos.-
