2924 4636
146 180 188 244 68
436 178 463 231 S.
490 175 674 230 Eucherii
701 175 973 246 Lugdunensis

148 363 337 457 scriptorum
360 370 580 455 significantia.
603 370 679 435 licet
702 369 828 453 quidam
851 369 912 434 hoo
934 369 1078 454 intellegi
1100 370 1157 436 illo
1180 372 1278 438 uelint

144 478 327 545 testimonio
352 496 413 558 quo
438 478 576 541 saluator
599 475 690 540 dicit:
724 476 788 558 qui
815 476 918 541 lotus
943 479 1000 540 est
1031 495 1100 542 non
1131 478 1278 564 indiget

145 588 187 649 ut
217 586 331 649 lauet.
365 586 398 647 et
424 584 530 646 tumen
559 582 596 646 de
624 582 713 665 aquis
737 601 755 645 a
779 583 836 647 deo
859 582 952 646 iactis
975 582 1057 647 illud
1080 602 1137 648 nos
1162 584 1278 667 aliqua·

144 694 238 755 tenus
261 689 417 753 instmere
439 687 658 751 testimonium
680 689 788 769 potest
811 704 872 769 quo
896 686 1025 752 dicitur:
1059 694 1279 771 separentur

146 808 263 879 aquae
296 795 332 858 in
366 793 697 878 congregationem
729 812 837 857 unam
875 796 911 856 et
947 796 1125 877 appareat
1163 795 1315 872 arida3n

145 901 219 985 quia
251 899 375 965 scilicet
397 918 459 964 non
481 898 686 981 praeciperet,
709 899 747 962 ut
773 917 872 980 aquae
895 901 1018 963 eterra
1045 918 1140 982 quam
1162 899 1281 965 fecerat

146 1008 390 1080 secernerentur,
422 1004 484 1069 nisi
517 1005 550 1068 et
581 1022 678 1085 equas
710 1003 778 1086 ipse
809 1003 949 1068 fecisset.
985 1023 1043 1070 uec
1066 1004 1150 1070 enim
1172 1025 1280 1072 conse

145 1116 277 1196 quenter
298 1111 330 1175 in
354 1112 566 1175 creaturarum
595 1108 701 1174 ordine
727 1112 839 1191 postea
865 1109 1018 1194 distingui
1039 1110 1172 1189 iuberet,
1196 1111 1279 1196 quod

144 1221 214 1302 ipse
237 1220 330 1283 antea
352 1235 412 1281 non
435 1217 582 1279 creasset.
607 1216 640 1278 et
660 1213 721 1278 hoc
744 1213 870 1297 quidem
889 1213 927 1279 ob
945 1214 978 1278 id
997 1215 1189 1299 colligimus,
1208 1216 1281 1300 quia

145 1323 312 1389 creationis
349 1322 418 1386 cius
453 1319 621 1385 manifeste
654 1319 786 1386 Genesis
827 1338 888 1383 non
928 1319 1038 1384 intulit
1076 1321 1277 1386 mentionem.
1296 1348 1318 1385 n

144 1429 343 1494 manifestius
366 1433 470 1492 autem
502 1429 660 1492 creaturae
692 1426 787 1490 huius
821 1424 915 1490 deum
947 1425 1092 1510 designat
1118 1429 1278 1491 auctorem

144 1536 287 1620 psalmus
310 1534 366 1598 ille
389 1533 444 1614 qui
467 1533 558 1597 dicit:
584 1533 756 1614 quoniam
779 1531 902 1615 ipsius
926 1533 986 1597 est
1007 1550 1115 1609 mare,
1139 1533 1278 1616 etipse

145 1642 239 1707 fecit
260 1639 368 1704 illud.

188 1747 244 1814 IV.
273 1743 356 1826 Quid
388 1747 448 1822 est,
483 1744 567 1828 quod
600 1743 729 1808 dicitur:
768 1746 804 1807 et
840 1744 939 1808 uidit
975 1743 1156 1822 dominus,
1194 1743 1279 1827 quia

145 1856 240 1919 bona
263 1854 351 1918 sunt
372 1849 493 1914 ualde.
1296 1875 1316 1915 o

189 1957 289 2036 Uidit,
312 1957 373 2022 hoc
397 1958 460 2020 est:
484 1955 680 2039 adprobauit.

189 2064 229 2128 V.
258 2061 344 2142 Quae
380 2062 606 2144 consequentia
645 2064 696 2125 ost
738 2060 874 2125 hominis
909 2061 947 2123 ut
983 2060 1151 2124 scribatur:
1187 2061 1278 2126 haec

147 2170 350 2236 uocabitur
371 2169 515 2246 mulier,
541 2168 715 2249 quoniam
738 2187 777 2232 ex
799 2167 879 2232 uiro
903 2170 1050 2250 sumpta
1073 2170 1139 2232 est.

190 2275 391 2360 Etymologia
418 2293 497 2358 quae
524 2273 576 2338 hic
602 2274 634 2338 in
660 2273 759 2338 latino
787 2292 849 2337 non
877 2274 977 2351 sonet,
1000 2272 1033 2337 in
1055 2272 1191 2339 hebraeo
1215 2292 1277 2338 ser·

146 2401 239 2448 mone
272 2382 424 2456 seruatur,
457 2379 507 2442 uir
538 2377 621 2442 euim
662 2380 795 2442 uocatur
825 2377 857 2441 is
890 2380 922 2440 ct
947 2376 1061 2442 mulier
1082 2377 1169 2453 issa,
1194 2376 1316 2459 quode

147 2486 408 2554 animaduertitur
423 2484 632 2569 pulcherrime
650 2502 758 2548 recens
778 2482 955 2548 custodisse
972 2483 1135 2548 translatio
1154 2483 1276 2548 dicens:

146 2597 237 2661 hacc
259 2593 460 2659 uocabitur
480 2593 620 2676 unago,
645 2591 732 2674 quia
755 2609 794 2655 ex
817 2590 897 2654 uiro
922 2591 1069 2672 sumpta
1092 2593 1159 2656 est.

190 2701 246 2765 VI.
268 2701 304 2765 In
328 2717 388 2781 quo
412 2697 462 2761 dei
485 2696 725 2762 similitudinem
746 2695 938 2759 retinemus?

189 2807 226 2870 In
249 2806 364 2870 mente.

189 2911 262 2976 VlI.
284 2909 454 2974 Paradisus
476 2908 532 2973 ubi
556 2924 625 2972 esse
649 2906 816 2974 definitur?
1292 2932 1317 2973 u

189 3016 324 3081 Diuersa
355 3033 449 3098 super
477 3013 541 3079 ,hac
577 3032 609 3077 re
646 3012 802 3077 sententia
836 3011 1044 3095 plurimorum
1080 3014 1139 3076 est.
1177 3013 1276 3096 aliqui

146 3126 250 3188 tamen
278 3122 362 3185 huno
389 3121 422 3184 in
449 3123 531 3184 terra
562 3137 632 3183 csse
664 3117 829 3196 definiunt,
858 3120 895 3182 ut
916 3136 977 3182 non
1000 3117 1138 3200 potuerit
1160 3117 1222 3183 nisi
1244 3118 1276 3183 in

145 3232 228 3294 terra
257 3227 399 3291 habitare
431 3228 573 3290 terrenus
607 3241 698 3307 quiem
731 3227 836 3289 tamen
870 3222 990 3288 homini
1022 3222 1275 3288 inaccessibilem

142 3334 229 3405 ,effici
251 3333 360 3398 diuina
381 3333 500 3396 uirtute
523 3331 717 3396 confirmant.

233 3493 452 3561 2·10h.*13,10.
518 3493 621 3548 4Gen.
641 3494 666 3554 1.
685 3493 710 3547 9.
779 3494 812 3546 12
830 3492 875 3546 Ps.
894 3491 938 3555 94,
956 3492 981 3545 5.
1049 3491 1083 3545 14
1100 3491 1171 3562 Gen.
1188 3492 1213 3558 1,
1232 3494 1273 3548 31.

147 3586 179 3641 17
197 3584 235 3640 ib.
250 3584 280 3649 2,
298 3584 342 3638 23.
396 3581 485 3635 22ib.
1248 3606 1252 3613 .

182 3717 194 3770 1
215 3715 313 3785 uelint]
330 3713 375 3769 uel
391 3714 420 3767 in
438 3713 496 3768 PV
511 3713 598 3768 uelint
615 3713 642 3766 A
660 3713 756 3767 uolunt
774 3712 833 3767 edd.
882 3713 904 3765 ’5
923 3711 1131 3781 congregatione
1149 3727 1203 3766 una
1220 3711 1276 3767 AV

147 3828 411 3895 VsecernereturV
491 3795 608 3900 Specto¹
630 3829 658 3882 P
738 3828 931 3898 9collegimus
949 3826 1006 3881 AV
1090 3826 1123 3880 14
1142 3826 1207 3880 deus
1226 3826 1276 3881 SV

143 3917 312 3988 -quoniamS
372 3918 405 3972 17
423 3916 457 3972 V.
475 3919 669 3986 quae-mente
686 3915 780 3971 συιδ
840 3915 874 3970 18
892 3917 934 3984 ex]
952 3915 985 3969 de
1002 3913 1062 3968 AV
1142 3917 1231 3968 sumta
1247 3914 1274 3967 P

146 4007 180 4061 19
198 4003 448 4075 etoemologiaPA
466 4004 642 4074 ethimologia
664 4003 688 4058 V
748 4004 783 4058 22
802 4004 928 4074 quonium
946 4002 979 4057 de
997 3999 1056 4056 AV
1141 4004 1231 4067 sumta
1247 4001 1274 4054 P

145 4094 316 4149 comentem
333 4092 360 4147 V
