2902 4636
598 267 809 322 Praefatio.
1188 268 1264 333 XIII
1322 274 1337 312 Ἀ

138 480 168 543 p.
193 461 234 524 76
257 460 279 524 l.
306 462 365 536 15;
390 481 420 543 p.
446 460 533 525 881.
559 461 618 537 153
641 479 672 541 p.
698 459 784 527 931.
809 460 871 536 27;
895 481 925 542 p.
949 461 1035 526 941.
1062 464 1120 536 14;
1144 480 1175 541 p.
1201 461 1264 524 104

137 566 158 628 1.
183 567 212 641 d,
236 566 338 629 multa
365 565 427 629 alia
453 564 566 630 menda
593 565 787 644 exstiterunt,
813 565 896 648 quod
924 565 1042 630 scribae
1065 564 1149 630 oculi
1172 583 1265 630 uoca-

138 671 221 734 bulis
250 670 406 735 similibus
430 671 552 755 decepti
576 675 650 735 sunt
673 674 704 736 et
726 672 948 737 aberrauerunt
969 667 1024 736 ut:
1056 691 1087 753 p.
1112 673 1199 736 691.
1224 672 1264 747 93

139 796 169 858 p.
193 777 234 839 79
258 777 279 840 l.
306 777 344 841 11
370 778 440 855 etc,
465 777 550 859 quod
572 776 666 841 etiam
688 776 739 840 hic
762 777 828 841 illic
852 777 889 842 de
913 776 971 841 AV
991 778 1087 841 ualet.
1151 855 1153 860 Ι

181 881 243 946 Res
271 881 334 945 iem
363 901 398 946 eo
428 885 477 946 est
504 882 648 960 adducta,
676 885 713 946 ut
739 881 778 946 ad
801 902 837 947 ea
859 892 937 965 quae
961 901 1055 964 supra
1076 884 1150 947 sunt
1171 882 1265 947 inter·
1347 942 1349 946 ,

138 989 247 1072 rogata
290 987 476 1070 respondere
523 1006 629 1069 queas.
678 989 851 1069 priorem
878 970 1278 1062 'commentationem

138 1093 329 1157 Eucherii
353 1093 373 1158 S
398 1093 538 1171 codice
561 1093 751 1171 exhiberi,
770 1112 868 1176 quae
891 1093 1017 1158 denuo
1041 1095 1265 1182 retractata

139 1201 176 1262 et
204 1198 460 1281 amplificata
490 1198 701 1264 codicibus
733 1200 905 1265 alterius
934 1198 1125 1289 familiae,
1145 1198 1264 1264 cuius
1323 1228 1324 1231 ¹

138 1304 359 1388 principem
381 1305 407 1369 P
430 1324 519 1370 esse
547 1306 666 1388 paulo
689 1309 782 1389 post
806 1304 1181 1381 demonstrabimus,
1204 1323 1264 1368 no·

139 1409 199 1475 bis
230 1414 430 1475 seruatam
462 1430 559 1490 esse,
592 1431 652 1476 non
685 1415 742 1490 est,
767 1431 823 1477 cur
843 1411 988 1476 infitiaris
1015 1418 1182 1494 negesque.
1215 1428 1264 1475 res

139 1534 169 1578 re
200 1535 275 1581 uera
306 1536 400 1599 quam
431 1517 600 1595 rarissima,
633 1536 711 1600 quae
732 1517 889 1589 omnium
921 1517 1028 1581 oculos
1054 1503 1134 1597 ¹quin
1167 1516 1199 1579 in
1232 1534 1265 1581 se

139 1639 327 1686 corruersuru
345 1623 396 1700 sit,
412 1641 473 1687 non
489 1623 708 1689 dubitauerim.
728 1641 806 1706 quae
826 1642 898 1687 cum
912 1622 957 1686 ita
972 1621 1043 1699 sint,
1058 1621 1210 1704 quidquid
1228 1621 1266 1685 de

139 1726 250 1792 exinaia
272 1726 293 1792 S
318 1728 433 1792 codicis
456 1728 594 1793 bonitate
613 1728 704 1793 Pitra
725 1748 755 1810 p.
780 1729 954 1792 492--495
982 1726 1123 1811 protulit,
1146 1726 1264 1791 nullius
1328 1764 1330 1773 ·

139 1834 187 1896 est
216 1829 375 1904 momenti.
406 1833 683 1916 quotienscumque
710 1834 808 1918 igitur
833 1833 951 1898 Scum
973 1833 998 1896 P
1022 1831 1209 1916 congruerit,
1232 1831 1264 1896 in
1289 1912 1291 1917 ³
1324 1855 1326 1858 ⁴

137 1939 224 2001 textu
237 1939 465 2004 'constituendo
489 1958 561 2004 eum
583 1939 796 2021 respiciemus,
822 1939 961 2004 diuersas
985 1940 1090 2002 autem
1113 1937 1265 2002 lectiones

137 2043 170 2107 in
193 2044 433 2124 adnotationem,
459 2063 551 2127 quam
576 2045 683 2110 dicunt
706 2045 855 2122 criticam,
878 2045 1054 2109 reiciemus.
1082 2043 1158 2107 adde
1181 2043 1266 2125 quod

137 2168 192 2230 pro
221 2152 305 2214 certo
333 2147 488 2216 adfirmari
514 2152 619 2231 potest·
639 2170 819 2221 sermonem
846 2171 906 2216 non
935 2150 1030 2214 talem
1052 2149 1152 2232 qualis
1176 2148 1265 2213 nobis

138 2252 376 2323 insessoriano
399 2257 535 2320 occurrit
556 2257 730 2338 profectum
754 2276 822 2321 esse
850 2257 888 2320 ab
915 2256 984 2338 ipso
1012 2253 1156 2337 episcopo
1184 2254 1266 2338 Lug-

26 2360 28 2363 ’
140 2359 280 2439 dunensi,
309 2380 381 2425 cum
409 2363 504 2427 codex
526 2381 545 2426 a
566 2363 703 2453 pessimo
732 2363 834 2428 scriba
861 2363 1021 2427 confectus
1046 2361 1136 2425 uitiis
1165 2359 1266 2425 omnis

29 2466 32 2470 ’
140 2465 263 2549 generis
295 2470 424 2532 scateat.
458 2467 542 2549 quod
574 2468 641 2553 eius
668 2460 857 2532 miratione
884 2467 992 2530 habita
1018 2485 1124 2530 omues
1153 2465 1266 2529 disere·

31 2602 33 2606 v
140 2564 262 2654 pantias
294 2571 405 2650 adtuli,
437 2592 497 2637 uon
529 2592 648 2649 uereor,
680 2592 718 2637 ne
749 2572 827 2636 mihi
859 2571 981 2636 crimini
1011 2572 1159 2647 uertatur,
1193 2569 1268 2652 quia

139 2695 249 2755 uerum
281 2677 319 2742 de
351 2677 467 2743 codicis
500 2680 611 2742 natura
640 2677 794 2743 iudicium
828 2677 890 2742 nisi
921 2676 1065 2742 omnibus
1103 2675 1265 2758 scripturis

69 2804 71 2808 ’
138 2782 235 2848 uariis
275 2783 445 2875 propositis
471 2783 552 2854 ⁴fieri
590 2783 719 2866 nequit
764 2784 906 2866 quisquis
950 2783 1142 2866 linguarum,
1190 2799 1266 2862 quas

140 2887 273 2953 dicimus
296 2889 463 2973 Romanas,
487 2889 600 2972 origini
625 2890 865 2972 perscrutandae
892 2907 1015 2971 operam
1038 2887 1210 2965 nauauerit‚
1233 2884 1266 2949 in

139 2995 199 3059 hoc
231 2993 339 3060 codice
369 3013 516 3078 magnam
546 3014 682 3060 messem
713 2992 855 3079 reperiet.
882 2995 951 3059 ideo
979 2993 1058 3056 111111
1087 2994 1125 3058 ob
1158 2993 1266 3057 oculos

140 3100 433 3192 uersabaninn'qui
455 3084 606 3180 Huemeu'
628 3101 773 3184 uestigiis
796 3101 930 3185 ingressi
958 3100 1145 3165 sententiam
1167 3098 1266 3181 philo-

139 3207 284 3289 logorum
302 3205 455 3296 Viennam
469 3225 547 3271 auno
565 3208 783 3290 praetermisso
798 3207 1065 3290 congregatorum
1084 3206 1157 3268 sunt
1179 3224 1267 3270 secu·

140 3311 203 3375 turi
224 3310 283 3395 (cf.
296 3306 568 3400 'Verhandlungeu
597 3313 649 3376 der
677 3311 1002 3395 aweiuudvieraigsten
1024 3310 1273 3396 Versammlung·

140 3414 306 3482 deutscher
323 3416 508 3501 Philologen
530 3417 594 3483 und
612 3416 847 3483 SohuImanneu
871 3416 929 3495 Die
949 3416 1134 3500 Sammlung
1156 3419 1267 3504 vulga·

139 3521 340 3592 lateinischer
359 3521 402 3587 W
404 3523 625 3613 ortiormenp.
650 3518 849 3607 279-280.)
879 3526 1015 3586 attamen
1038 3523 1210 3591 Eucherius
1235 3523 1267 3587 iu

140 3626 321 3692 uniuersum
339 3628 431 3712 prius
447 3616 657 3693 commentum
679 3647 739 3693 non
762 3627 854 3692 ualde
877 3630 1034 3692 mutatum
1058 3629 1267 3712 secundisque

142 3732 224 3826 curis
251 3733 408 3798 uariatum
435 3733 468 3799 11
495 3733 520 3798 Ρ
547 3734 674 3817 recepit,
701 3733 783 3800 unde
797 3720 929 3811 ¹tactum
957 3736 1015 3826 est,
1045 3737 1082 3799 ut
1102 3735 1213 3799 melior
1236 3734 1268 3798 in

142 3837 253 3904 ceteris
276 3838 423 3920 operibus
451 3858 519 3907 esse
547 3840 681 3922 scriptor
707 3839 947 3924 diligentiorque
978 3840 1010 3904 iu
1042 3840 1268 3922 compositione

141 3944 251 4009 multis
291 3945 451 4011 uideretur
469 3944 546 4031 ,(01
579 3944 688 4027 Remea
713 3938 851 4031 Ceitla'ea
872 3943 1010 4010 Histoire
1041 3945 1182 4029 paoercia
1214 3946 1269 4010 ‘dee

10 4107 12 4110 ,
141 4051 389 4121 1111111111
411 4055 439 4120 et
456 4050 698 4132 metereaque.
721 4050 814 4116 Paris
836 4050 1154 4117 1729—117632Tom.
1176 4048 1275 4131 XIII
1381 4069 1385 4073 ’

134 4174 170 4234 p.
195 4155 285 4234 549).
601 4162 603 4165 ’
650 4208 652 4212 ,
1009 4186 1011 4194 ⁴
