2902 4636
153 261 215 324 128
440 255 467 309 S.
495 252 680 308 Eucherii
707 252 979 322 Lugdunensis

194 452 266 517 llll.
291 448 374 528 Quia
397 451 457 527 est,
481 447 565 529 quod
593 447 742 513 scribitur
763 446 936 511 traditurus
959 446 1043 512 filius
1064 465 1197 530 regnum
1219 447 1273 512 deo

149 559 254 642 patri?

194 662 378 727 Traditurus
402 660 529 743 quidem
553 659 609 724 sed
631 663 735 724 tamen
759 679 820 725 non
843 661 888 723 ita
906 659 1090 737 traditurus,
1109 661 1146 723 ut
1164 660 1274 724 omont.

150 769 275 834 traditio
304 770 412 831 antem·
436 766 523 850 regni
552 768 658 831 nostra
684 767 846 850 prouectio
870 770 929 844 est,
952 769 1029 831 tuuc
1052 783 1125 830 curn
1149 782 1219 830 esse
1242 783 1275 828 ex

148 876 272 959 integro
295 873 352 938 filii
374 872 580 937 meruerimus
603 873 634 936 in
658 874 756 955 patris
779 892 886 957 regno.

194 981 231 1045 V.
257 978 340 1058 Quid
363 979 424 1044 sibi
447 979 520 1042 uult
542 979 632 1067 illud,
657 978 740 1060 quod
763 979 928 1044 scribitur:
957 997 1091 1044 omnes
1118 977 1275 1060 quidem

150 1105 421 1169 resurgemus,
446 1085 607 1148 sednon
633 1085 1099 1150 omnesinmutabimur?

193 1192 230 1256 Id
248 1195 306 1268 est,
325 1209 385 1255 non
405 1210 512 1256 omnes
530 1191 561 1255 in
580 1191 712 1274 gloriam
734 1190 970 1263 inmutabimur,
994 1189 1068 1273 quia
1090 1189 1274 1254 resurrectio

149 1302 183 1363 ot
212 1297 402 1380 incorruptio
435 1297 610 1362 communis
644 1300 693 1362 est
724 1297 875 1375 omnium,
899 1297 1066 1361 inmutatio
1097 1300 1204 1361 autam
1236 1294 1275 1359 ad

151 1405 283 1489 gloriam
305 1403 428 1487 proprie
450 1404 616 1468 iustorum.

521 1610 553 1662 II
572 1608 624 1663 AD
644 1606 907 1665 CORINTHIOS.

193 1720 218 1783 1.
254 1718 427 1800 Apostolus
464 1716 556 1779 dicit:
599 1717 855 1781 obsecramus
895 1734 964 1799 pro
1003 1715 1182 1793 Christo,
1224 1733 1275 1780 re·

150 1823 429 1888 conciliamini
462 1821 542 1897 deo,
567 1840 649 1885 eum
682 1821 749 1903 qui
780 1839 853 1885 non
876 1824 1045 1886 nouerat
1066 1824 1275 1902 peccatum

149 1949 218 2012 pro
242 1928 358 1992 nobis
381 1929 589 2009 peccatum
612 1926 723 2003 feeit,
756 1929 800 1991 ut
825 1945 894 1991 nos
932 1926 1194 1992 effice-remur·
1223 1926 1275 1991 iu·

151 2035 270 2099 stitia
293 2033 355 2097 dci
378 2034 415 2096 in
438 2033 542 2114 ipso;
567 2032 641 2114 quid
664 2031 716 2096 hio
739 2033 929 2114 sequemur?
1292 2050 1319 2095 rs

193 2138 460 2213 Reconciliemini,
483 2137 594 2220 iuquit,
620 2137 676 2202 deo
701 2137 755 2220 qui
779 2137 939 2202 Christum
961 2137 1038 2202 fecit
1060 2137 1198 2203 hostiam
1220 2157 1274 2221 pro

153 2248 294 2327 peccato,
317 2237 480 2325 peccatum
503 2262 577 2308 uero
600 2243 749 2326 appellari
774 2244 875 2325 ipsam
903 2244 1049 2321 hostiam,
1074 2243 1154 2307 siin
1177 2242 1274 2309 ueteri

148 2351 338 2414 testamento
369 2349 518 2430 requiris,
545 2350 698 2414 inuenies.
737 2352 844 2432 potest
874 2349 961 2413 istud
994 2351 1026 2413 et
1057 2348 1103 2412 ita
1132 2347 1275 2432 intellegi

62 2519 65 2524 .
149 2454 269 2519 factum
292 2454 427 2518 hostiam
449 2474 504 2536 pro
526 2458 656 2537 peccato
672 2454 842 2532 Christum,
866 2455 939 2537 quia
956 2455 1055 2519 filium
1075 2472 1170 2519 suum
1187 2453 1321 2544 misit

148 2561 181 2624 in
205 2561 411 2626 similitudine
435 2561 535 2632 carnis
558 2559 689 2642 peceati.
1289 2583 1315 2626 so

192 2667 233 2733 Π.
257 2667 384 2731 Datus
408 2670 478 2741 ost,
501 2666 614 2748 inquit,
648 2664 745 2729 mihi
778 2665 970 2729 stimulus
1003 2663 1134 2729 carnis
1166 2674 1273 2729 meaa

149 2759 318 2856 ingelus
343 2775 507 2835 satanae
531 2771 596 2853 qui
619 2790 675 2834 me
703 2770 952 2853 colaphizet3
986 2787 1046 2852 quo
1072 2768 1164 2834 modo
1187 2769 1273 2834 istud

147 2877 364 2958 accipiendum
389 2880 460 2952 esti

191 2983 310 3047 Dicunt
324 2971 450 3065 quidam
466 2985 644 3066 apostolum
659 3001 751 3064 saepe
771 2982 876 3047 dolore
896 2981 1007 3063 capitis
1027 2999 1097 3045 esse
1114 2983 1273 3046 uexatum.

147 3087 261 3152 melius
289 3093 394 3151 autam
419 3090 496 3169 puto
524 3089 569 3152 ita
591 3087 691 3170 accipi
714 3090 750 3150 ut
773 3086 986 3168 colaphizatus
1009 3085 1042 3151 in
1064 3085 1129 3150 illis
1150 3088 1271 3169 passio·
1288 3109 1312 3152 u

146 3192 239 3256 nibus
261 3192 465 3277 intellegatur·
488 3213 565 3275 quas
589 3192 785 3257 enumerauit
809 3192 878 3275 ipse
902 3191 1026 3256 dicens:
1054 3196 1115 3254 ter
1141 3191 1273 3283 uirgis

147 3316 290 3363 caesus
309 3317 403 3374 sum,
423 3299 545 3362 semel
563 3297 770 3380 lapidatus
795 3316 888 3373 sum,
914 3301 946 3362 et
969 3299 1081 3362 cetera.
1106 3294 1272 3361 stimulum

236 3502 491 3570 1(1.cor.1s,24)
528 3503 711 3569 oib.15‚‹51
751 3501 903 3559 lancos.
919 3505 942 3568 5,
959 3504 1062 3558 20-21
1099 3504 1132 3558 21
1147 3502 1185 3558 ib.
1200 3504 1272 3570 12st

145 3593 181 3647 26
199 3591 235 3645 ib.
257 3593 298 3654 11,
317 3592 352 3644 ‘io

183 3759 195 3810 l
215 3756 471 3826 traditurus—patri
489 3774 539 3812 om.
557 3757 617 3811 AV
729 3760 745 3811 6
763 3723 860 3813 εῗὺὶῒατ
877 3759 905 3812 P
999 3759 1016 3812 8
1034 3757 1200 3812 mutabimur
1216 3757 1273 3812 AV

146 3845 178 3898 11
196 3860 337 3898 numerum
355 3844 416 3912 (II)
433 3861 483 3899 om.
497 3845 525 3898 P
578 3846 611 3899 14
629 3846 793 3900 efficeremus
810 3846 837 3900 V
889 3847 921 3900 16
939 3847 1034 3951 inquii
1046 3846 1074 3901 Δ
1085 3849 1167 3913 (corr.
1180 3863 1215 3901 m.
1228 3849 1270 3913 2.)

145 3958 240 4029 inquid
258 3959 284 4012 V
319 3960 351 4014 18
364 3960 483 4030 requires
502 3959 528 4013 V
560 3961 816 4015 20siruilitndincm
835 3961 861 4015 V
893 3963 925 4015 21
941 3962 1037 4031 inquid
1047 3964 1128 4027 (corr.
1142 3977 1177 4017 m.
1192 3960 1271 4028 2.)A

79 4102 81 4111 ,
142 4047 239 4116 inquid
262 4047 289 4101 V
339 4048 592 4102 22e01anretAV-
642 4050 675 4102 27
694 4049 830 4121 lapidatus
849 4067 907 4104 sura
926 4052 968 4104 ter
985 4049 1156 4119 naufragium
1173 4048 1226 4116 faoi
1244 4051 1287 4130 et,

146 4137 234 4187 cetera
251 4134 308 4188 AV
